3408 5276
798 503 837 568 ⁷1

84 704 122 769 αἱ
156 713 215 768 τοῦ
248 703 341 788 φόνου
374 705 458 770 δίκαι
479 708 535 782 τὰς
558 709 687 790 φονικὰς
714 706 845 782 ἁπάσας]
966 709 1021 783 τὰς
1044 708 1171 790 φονικάς

86 816 195 870 πᾶσαι
206 805 234 890 1)
842 826 844 899 ι

87 911 147 972 καὶ
188 909 204 972 ό
239 911 458 996 προαγορεύων
478 910 546 974 ἐπεὶ
561 914 616 974 καὶ
634 908 1049 996 προαγορεύειίπροηγόρευε
1090 911 1124 976 δὲ
1161 916 1216 976 καὶ

87 1011 262 1095 εἴργεσθαι
291 1021 353 1077 τῶν
374 1013 532 1100 νομί-κτὸν
564 1013 748 1097 ἀνδροφόνον
776 1015 836 1098 είρ-
856 1021 918 1078 τῶν
951 1013 1084 1100 νομίμων
1116 1017 1215 1100 εἶργε-

89 1135 159 1199 μων
183 1111 275 1192 οὗτός
297 1116 392 1180 ἐστικ
476 1115 799 1202 γεσθαιτῶννομ[ίμ]
812 1116 835 1198 ²)
857 1117 934 1206 σόαι
958 1121 1029 1193 τοὺς
1050 1118 1082 1182 ἐν
1105 1119 1201 1204 αἰτίᾳ.

476 1241 529 1283 ων.

353 1389 431 1456 Com
462 1389 698 1473 lexicographus
729 1390 797 1454 tum
828 1390 1005 1473 patriarcha
1036 1391 1171 1457 ordinem
1209 1391 1380 1458 officiorum

250 1493 289 1559 ab
311 1493 481 1559 Aristotele
513 1495 762 1560 enumeratorum
796 1493 866 1575 plus
894 1494 995 1558 minus
1018 1511 1198 1560 conversum
1220 1496 1379 1578 praebent

250 1616 348 1680 neque
380 1596 506 1675 dubito,
552 1597 626 1678 quin
661 1598 785 1677 uterque
813 1594 880 1678 jam
912 1596 943 1658 in
975 1595 1066 1676 plena
1097 1596 1201 1679 glossa
1232 1597 1380 1663 nonnulla

250 1701 459 1765 transmutata
481 1699 643 1777 invenerit,
666 1698 753 1763 velut
776 1699 905 1781 φονικὰς
928 1696 1017 1774 δίκας
1039 1699 1181 1764 omnibus
1205 1699 1276 1766 aliis
1292 1702 1379 1766 antc-

248 1803 376 1884 positas.
419 1802 504 1866 Idem
530 1803 613 1884 puto,
639 1819 718 1882 quae
734 1801 864 1866 Plotius
887 1802 958 1883 post
980 1808 1041 1866 τῶν
1064 1801 1198 1888 νομίμων
1217 1803 1379 1887 εἴργεσθαι

250 1905 379 1984 addidit,
403 1906 498 1972 verba
521 1907 590 1980 τοὺς
613 1904 646 1968 ἐν
669 1903 764 1988 αἰτίᾳ,
793 1923 864 1969 cum
888 1923 906 1970 a
928 1904 1056 1970 Polluce
1080 1905 1187 1970 eodem
1209 1907 1276 1972 loco
1299 1913 1316 1984 ς
1338 1904 1381 1969 90

250 2010 429 2092 repetantur
451 2010 482 2074 et
503 2009 535 2072 in
558 2008 616 2073 lex.
639 2007 708 2086 Sag.
736 2008 772 2072 V.
798 2007 925 2072 definita
947 2008 1070 2074 notione
1102 2008 1288 2093 ἀνδροφόνος
1310 2029 1380 2074 mu-

249 2113 362 2191 tentur,
387 2113 425 2178 ab
448 2113 571 2178 auctore
593 2112 716 2196 glossae
747 2111 843 2190 illius,
881 2113 935 2193 qui
967 2113 1106 2177 omnium
1139 2113 1251 2179 horum
1284 2116 1381 2197 scrip-

249 2217 353 2280 tomm
384 2216 456 2284 fons
484 2216 668 2281 statuendus
701 2216 758 2293 est,
791 2234 827 2279 ex
850 2214 1017 2279 Aristotele
1050 2216 1117 2296 ipso
1142 2216 1267 2281 aliunde
1300 2220 1380 2300 (cap.

250 2317 302 2384 57.
326 2319 347 2381 4
369 2317 386 2380 δ
409 2319 442 2382 δὲ
465 2321 523 2403 τὴν
546 2317 647 2383 αἰτίαν
670 2319 767 2402 ἔχων)
799 2317 859 2381 huc
890 2317 1043 2382 translata
1066 2336 1143 2382 esse.
1196 2320 1241 2382 At
1264 2321 1380 2400 contra,

251 2441 329 2503 quae
359 2423 413 2486 fini
446 2423 566 2506 glossae
598 2421 774 2503 patriarcha
808 2418 969 2503 subjungit
1000 2421 1041 2484 ad
1072 2420 1250 2485 archontem
1275 2440 1380 2503 regern

251 2526 446 2610 pertinentia,
480 2527 562 2590 certe
589 2525 634 2589 ibi
657 2544 716 2590 non
741 2524 868 2603 invenit,
901 2524 974 2606 quia
996 2541 1085 2588 curae
1109 2525 1327 2608 mysteriorum
1350 2527 1382 2590 et

252 2629 367 2714 insigni
389 2647 516 2694 coronae
538 2628 616 2693 nihil
639 2629 687 2693 est
710 2647 873 2693 commone
896 2647 967 2692 cum
986 2627 1200 2710 jurisdictione
1216 2629 1238 2692 i.
1254 2647 1281 2694 e.
1304 2628 1381 2713 ἡγε-

254 2730 344 2816 μονίᾳ
359 2729 572 2816 δικαστηρίου.
613 2731 674 2796 Sed
691 2731 894 2796 Aristotelem
913 2729 1007 2795 etiam
1028 2729 1167 2796 hocloco
1184 2733 1308 2798 secutus
1324 2735 1379 2798 est.

414 2885 544 2951 Aristot.
570 2886 623 2950 57.
885 2885 972 2948 enoc.
997 2902 1024 2949 s.
1047 2902 1077 2949 ν.
1102 2883 1225 2966 ἡγεμ.
1251 2883 1330 2948 δικ.

254 3042 270 3124 ᾖ
298 3041 314 3104 l
339 3040 355 3104 ό
379 3040 590 3126 βασιλεὺς...
618 3038 796 3124 μυστηρίων
841 3036 926 3100 ἀλλὰ
949 3037 1010 3122 γὰρ
1035 3036 1051 3099 ό
1075 3035 1221 3123 βασιλεὺς
1243 3040 1298 3103 καὶ
1320 3046 1382 3102 τῶν

255 3143 449 3229 ἐπιμελεῖται
466 3145 546 3227 μετὰ
565 3150 627 3207 τῶν
644 3141 795 3228 ἐπιμελη-
842 3138 1020 3226 μυστηρίων
1053 3142 1119 3224 ἅμα
1143 3150 1207 3216 τοῖς
1229 3141 1381 3227 ἐπιμελη-

253 3255 315 3311 τῶν
328 3292 573 3311 ...........
839 3252 909 3320 ταῖς
931 3243 1131 3327 προΐσταται.

254 3357 271 3427 5
302 3351 322 3413 4
353 3351 464 3414 καὶ..
500 3357 703 3432 περιαιρεῖται
742 3351 794 3412 τδν
839 3349 906 3433 ἔχει
929 3345 963 3408 δὲ
987 3344 1076 3430 μόνος
1103 3347 1159 3408 καί
1183 3345 1346 3430 στέφανον.

255 3451 416 3537 στέφανον.

355 3606 424 3673 Uno
455 3607 579 3672 tantum
606 3606 674 3670 loco
699 3603 830 3670 Photius
853 3605 891 3670 ab
913 3602 1084 3668 Aristotele
1105 3601 1195 3666 valde
1219 3598 1381 3664 dissentire

254 3709 384 3776 videtur.
425 3710 477 3774 llli
500 3710 627 3775 enimsi
650 3708 745 3774 fidem
768 3707 927 3785 habemus,
952 3705 1176 3772 controversiae
1199 3722 1234 3768 er
1255 3702 1381 3766 honori·

254 3812 348 3896 bus⁸)
380 3814 462 3879 iuter
492 3813 668 3880 sacerdotes
701 3815 732 3878 et
764 3811 871 3896 gentes
902 3812 986 3876 ortuo
1019 3814 1130 3894 postea
1152 3808 1220 3891 regi
1243 3806 1383 3872 archonti

254 3987 509 3998 *⁸*—

358 4087 386 4154 1)
413 4085 480 4140 Lex.
499 4085 563 4152 Sag.
582 4083 628 4140 IV.
648 4083 706 4139 189.
725 4082 759 4133 22
781 4097 796 4137 e
818 4084 880 4138 tota
898 4083 994 4150 glossa
1019 4085 1131 4138 tantum
1155 4083 1226 4136 luceo
1248 4081 1336 4136 verba
1359 4080 1383 4130 ol

255 4171 395 4238 ἐνάγοντες
409 4171 518 4236 φονικὰς
533 4171 608 4229 δίκας
623 4171 784 4239 supersunt.

356 4259 384 4323 2)
412 4257 445 4311 cl.
465 4255 856 4323 Meier·Seh6mann·LipsiuS‚
888 4257 943 4310 Att.
963 4256 1092 4311 Process.
1123 4255 1142 4308 l.
1161 4269 1186 4322 p.
1206 4255 1239 4308 63
1257 4268 1320 4308 ann.
1339 4253 1381 4306 60.

357 4344 386 4409 3)
412 4343 490 4410 ἱερῶν
512 4356 563 4410 pro
591 4346 677 4409 γερῶν
696 4343 842 4408 antiquam
860 4343 1049 4411 corruptelam
1068 4355 1131 4396 esse
1150 4353 1306 4396 consensus
1324 4339 1381 4393 lex.

255 4428 318 4498 Sag.
338 4432 367 4485 et
385 4430 467 4485 Phot.
488 4430 578 4493 docet,
604 4443 688 4496 quam
707 4429 743 4482 ob
761 4443 822 4482 rem
841 4442 898 4482 non
916 4430 1073 4484 emendavi.
