3408 5276
778 523 898 625 ee-

343 731 423 796 Tum
454 731 546 814 apud,
567 731 728 796 Pollucem
763 732 933 814 sequuntur
963 729 1195 816 νομοφύλακες,
1234 749 1310 813 quos
1346 749 1362 796 e

238 825 423 909 Philochoro
445 834 612 899 translatos
635 852 700 898 esse
725 833 856 916 supra¹l
880 833 951 898 dixi.
998 832 1058 914 Qui
1080 835 1148 898 tum
1170 832 1246 897 mihi
1269 833 1363 898 fidem

239 928 472 1021 abrogaverunt,
505 939 598 1002 rerba
621 937 799 1002 Philochori
832 957 850 1002 a
872 937 1001 1002 Polluce
1031 937 1108 1003 locis
1130 939 1196 1002 tam
1219 937 1362 1002 distanti-

239 1043 296 1107 bus
313 1042 457 1107 collocari
473 1041 618 1124 potuisse,
642 1060 732 1120 nunc,
757 1059 826 1106 cum
850 1041 986 1108 viderint
1008 1041 1187 1126 είςαγωγεῖς
1210 1041 1249 1125 ἐξ
1268 1039 1311 1104 93
1333 1041 1364 1105 et

241 1145 300 1209 101
325 1145 432 1210 eodem
456 1145 546 1212 ruodo
569 1145 716 1222 divulsos,
749 1143 894 1227 paredros
927 1145 959 1210 et
985 1145 1116 1210 scribam
1139 1146 1364 1210 thesmotheta-

238 1267 309 1312 rum
331 1250 348 1332 ξ
370 1247 413 1310 92
436 1248 557 1331 ajusto
580 1248 646 1314 luco
670 1249 687 1330 ξ
710 1247 752 1311 86
775 1248 927 1314 abscissos
950 1267 1026 1328 esse,
1054 1248 1143 1312 facile
1166 1249 1242 1312 mihi
1265 1248 1364 1312 adnu-

239 1353 301 1418 ent.
354 1351 463 1434 Neque
498 1351 554 1418 hoc
582 1353 687 1434 negari
719 1351 834 1434 potest,
866 1336 1045 1430 Pollucem,
1078 1352 1130 1433 qui
1163 1349 1365 1415 Aristotelem

238 1457 341 1538 ipsum
373 1455 483 1537 legerit
514 1457 545 1519 et
567 1455 752 1520 Philochoro
784 1473 844 1520 non
871 1454 965 1541 alitor,
983 1457 1075 1536 atque
1098 1452 1267 1518 Aristotele
1290 1471 1364 1518 usus

239 1561 289 1638 sit,
312 1559 408 1625 istum
424 1557 708 1642 Atthidographum
723 1576 843 1640 quoque
864 1559 897 1622 in
919 1557 1061 1625 manibus
1077 1557 1230 1622 habuisse.
1270 1555 1363 1620 Cuius

240 1661 414 1745 fragmenta
441 1661 468 1726 si
490 1662 580 1743 plura
602 1662 757 1726 exstarent
780 1661 970 1725 adverbum
993 1660 1153 1742 exscripta,
1185 1660 1286 1742 magis
1308 1677 1364 1740 pu-

239 1767 326 1844 teret,
351 1765 502 1848 quantum
523 1766 770 1849 lexicographus
793 1765 1043 1847 Atthidographo
1066 1764 1202 1830 deberet.

342 1870 443 1948 Retio,
476 1888 555 1952 quae
577 1869 742 1935 intercedit
768 1870 848 1934 inter
880 1868 1050 1952 §ue-96
1082 1870 1114 1933 et
1144 1869 1273 1933 Aristot.
1298 1887 1364 1950 cap.

239 1970 378 2048 43-44,
400 1971 492 2054 plane
515 1973 680 2061 respondet
694 1972 752 2052 illi,
769 1991 847 2054 quae
864 1973 931 2038 erat
945 1973 1025 2037 inter
1047 1973 1065 2056 ξ
1088 1971 1216 2036 85-92
1240 1973 1271 2037 et
1293 1971 1365 2035 Ari·

240 2077 311 2141 stot.
328 2093 394 2158 cap.
410 2077 550 2141 55-59.
584 2075 665 2156 Quin
681 2076 775 2141 etiam
790 2077 990 2141 inveniuntur
1006 2077 1055 2142 his
1071 2077 1109 2160 ἓξ
1125 2076 1223 2140 multo
1246 2075 1366 2140 minora

241 2177 363 2245 aliunde
394 2179 507 2244 hausta
538 2199 631 2262 quam
663 2179 729 2246 luco
761 2180 872 2262 priore.
932 2179 1012 2244 Sunt
1045 2180 1127 2243 eninr
1159 2180 1251 2243 haec:
1284 2175 1366 2262 §95

241 2283 332 2348 verba
354 2285 374 2367 ἢ
399 2285 691 2368 ἀποχειροτονοῦσιν
722 2283 787 2348 sine
820 2282 913 2346 dnbio
945 2301 964 2346 a
986 2283 1113 2347 Polluce
1145 2283 1212 2364 ipso
1235 2281 1308 2346 ficta
1330 2300 1367 2346 cr

242 2387 418 2452 Aristotelis
442 2387 543 2452 uerbis
566 2389 621 2462 τὰς
654 2387 754 2471 ἀρχὰς
778 2386 1017 2471 ἐπιχειροτονεῖν
1040 2386 1067 2448 εί
1099 2385 1226 2448 δοκοῦσι
1258 2384 1366 2460 καλῶς

242 2492 361 2575 ἄρχειν,
386 2509 463 2572 quae
486 2490 582 2556 invite
606 2491 826 2572 quaestionem,
854 2489 927 2572 quid
956 2508 1025 2554 cum
1048 2489 1284 2572 magistratibus
1307 2510 1365 2552 κα-

242 2603 304 2670 κῶς
326 2597 460 2680 ἄρχουσι
487 2594 607 2660 fuctum
637 2595 688 2671 sit,
720 2595 864 2660 excitant.
911 2593 1019 2676 Neque
1044 2593 1134 2658 aliter
1163 2591 1366 2676 judicandum

242 2699 290 2765 est
312 2701 349 2764 de
372 2719 407 2764 ca
429 2719 480 2778 re,
504 2699 585 2782 quod
607 2699 719 2765 Pollux
741 2699 822 2763 inter
843 2698 966 2763 tertiam
991 2698 1023 2761 et
1044 2698 1187 2780 quartam
1210 2697 1366 2763 contiones

242 2819 367 2866 munera
389 2803 472 2867 certe
495 2801 663 2880 distribuit,
697 2821 774 2884 quae
799 2801 985 2867 Aristoteles
1008 2801 1177 2884 utriusque,
1203 2802 1234 2865 et
1257 2801 1365 2864 tertiae
1490 2869 1505 2886 ,

242 2905 272 2968 et
295 2906 431 2986 quartae,
462 2904 557 2970 fuisse
581 2905 665 2970 dicit.
711 2905 812 2970 Schol.
832 2925 851 2987 q
871 2904 982 2971 Aesch.
1007 2903 1035 2967 1.
1063 2902 1124 2966 104
1148 2901 1364 2988 [πρυτανείας]

242 3009 333 3074 verba
354 3008 501 3074 Pollueea
524 3027 594 3072 cum
618 3008 759 3073 omnibus
781 3008 902 3072 mendis
926 3007 1082 3088 repetiuit.
1137 3005 1239 3071 Verba
1263 3008 1367 3070 autern

241 3112 268 3175 ol
290 3115 364 3196 πρὸς
386 3122 454 3188 ταῖς
488 3111 588 3188 δίκαις
611 3113 630 3195 §
652 3111 694 3175 95
719 3114 750 3176 et
773 3111 870 3188 ἀδεῶς
898 3111 983 3198 §96
1014 3111 1118 3177 utrum
1150 3111 1272 3176 Polluci
1305 3110 1367 3192 ipsi

242 3236 280 3281 an
303 3217 380 3285 fonti
403 3217 468 3300 ejus
490 3217 586 3281 lexico
610 3216 763 3280 rhetorico
787 3215 992 3298 adjudicanda
1017 3216 1089 3293 sint,
1121 3214 1259 3278 dubitari
1281 3214 1364 3277 licet.

242 3317 348 3402 Neque
371 3321 428 3384 hoc
450 3339 547 3402 neque
570 3319 649 3384 illud
672 3317 747 3383 alibi
779 3319 867 3383 nobis
898 3318 1038 3395 occurrit,
1072 3333 1259 3399 quamquam
1291 3315 1366 3378 haee

240 3424 309 3506 ipsa
324 3423 513 3488 Aristotelea
535 3423 686 3488 contionis
710 3422 884 3488 ordinariae
900 3420 1065 3504 descriptio
1081 3421 1204 3502 saepius
1219 3438 1238 3484 a
1252 3419 1366 3484 lerino-

242 3527 367 3610 graphis
390 3527 545 3592 laudatur.
591 3525 769 3608 Kaibelio²)
799 3527 963 3609 quominus
987 3524 1162 3603 concedam,
1194 3523 1253 3588 lex.
1277 3523 1366 3588 Cant.

243 3649 267 3694 s.
289 3649 317 3695 v.
342 3629 435 3714 κυρία
457 3629 617 3716 ἐκκλησία
639 3639 671 3695 et
692 3629 774 3694 Poll.
797 3629 885 3694 VlIl.
908 3627 950 3692 95
986 3647 1002 3692 e
1033 3627 1117 3692 fonte
1141 3625 1236 3690 simili
1258 3643 1367 3689 mana·

242 3731 331 3812 visse,
364 3733 437 3815 quia
468 3735 595 3815 uterque
627 3734 659 3798 in
681 3733 807 3798 vocibus
830 3734 886 3795 καί
908 3729 1036 3816 κλήρων
1069 3728 1232 3807 desineret,
1265 3727 1367 3794 multa

243 3836 322 3916 sunt,
347 3854 425 3918 quae
448 3835 629 3919 impediant.
673 3837 816 3902 Primum
839 3835 951 3902 Pollux
975 3835 1014 3898 de
1037 3831 1212 3918 πρυτάνεις,
1246 3830 1366 3916 ἐκκλη-

244 3937 318 4022 σίαι,
344 3938 515 4026 ἐπιστάτης
537 3939 645 4004 eodem
665 3939 770 4004 ordine
786 3939 902 4018 narrat,
926 3956 985 4022 quo
1005 3937 1189 4002 Aristoteles
1212 3953 1286 4001 usus
1308 3936 1365 4013 est,

244 4042 274 4106 et
294 4043 325 4108 in
350 4043 433 4108 omni
448 4043 506 4108 hac
522 4043 609 4126 parte
625 4043 757 4170 vestigia
772 4042 959 4110 Aristotelea
977 4041 1085 4108 eodem
1108 4039 1198 4106 modo
1221 4039 1312 4122 atque
1335 4038 1367 4102 in

246 4235 498 4246 ---.-0.-·--—....—.

345 4370 370 4436 1)
389 4385 414 4439 p.
433 4372 521 4440 422‘43.
748 4407 751 4414 ·

344 4457 371 4525 2)
390 4457 442 4512 seu
460 4459 518 4512 und
535 4457 611 4512 Text
628 4471 653 4526 p.
672 4458 730 4512 205.
