<?xml version="1.0" encoding="UTF-8"?>
<!DOCTYPE html PUBLIC "-//W3C//DTD XHTML 1.0 Transitional//EN"
    "http://www.w3.org/TR/xhtml1/DTD/xhtml1-transitional.dtd">
<html xmlns="http://www.w3.org/1999/xhtml" xml:lang="en" lang="en">
 <head>
  <title>
</title>
<meta http-equiv="Content-Type" content="text/html;charset=utf-8" />
  <meta name='ocr-system' content='tesseract 3.04.00' />
  <meta name='ocr-capabilities' content='ocr_page ocr_carea ocr_par ocr_line ocrx_word'/>
</head>
<body>
  <div class='ocr_page' id='page_1' title='image "./dearistotelispo01bursgoog_0044.png"; bbox 0 0 3408 5276; ppageno 0'>
   <div class='ocr_carea' id='block_1_1' title="bbox 797 531 837 594">
    <p class='ocr_par' dir='ltr' id='par_1_1' title="bbox 797 531 837 594">
     <span class='ocr_line' id='line_1_1' title="bbox 797 531 837 594; baseline -0.075 0"><span class='ocrx_word' id='word_1_1' title='bbox 797 531 837 594; x_wconf 82' lang='lat'><strong>31</strong></span> 
     </span>
    </p>
   </div>
   <div class='ocr_carea' id='block_1_2' title="bbox 257 727 1262 1005">
    <p class='ocr_par' dir='ltr' id='par_1_2' title="bbox 257 727 1262 1005">
     <span class='ocr_line' id='line_1_2' title="bbox 257 727 1262 818; baseline -0.001 -23"><span class='ocrx_word' id='word_1_2' title='bbox 257 741 301 815; x_wconf 88' lang='grc' dir='ltr'><strong>τῷ</strong></span> <span class='ocrx_word' id='word_1_3' title='bbox 357 729 483 816; x_wconf 77' lang='grc' dir='ltr'>πολέμῳ</span> <span class='ocrx_word' id='word_1_4' title='bbox 533 733 588 793; x_wconf 81' lang='grc' dir='ltr'><strong>καὶ</strong></span> <span class='ocrx_word' id='word_1_5' title='bbox 639 727 793 816; x_wconf 75' lang='grc' dir='ltr'>Ἃρμοδίιρ</span> <span class='ocrx_word' id='word_1_6' title='bbox 840 736 909 817; x_wconf 79' lang='grc' dir='ltr'>περὶ</span> <span class='ocrx_word' id='word_1_7' title='bbox 930 731 1093 818; x_wconf 78' lang='grc' dir='ltr'>Ἁρμόδιον</span> <span class='ocrx_word' id='word_1_8' title='bbox 1116 731 1262 816; x_wconf 76' lang='grc' dir='ltr'><strong>ἐναγίζει.</strong></span> 
     </span>
     <span class='ocr_line' id='line_1_3' title="bbox 257 831 794 920; baseline 0 -22"><span class='ocrx_word' id='word_1_9' title='bbox 257 837 313 898; x_wconf 80' lang='grc' dir='ltr'><strong>καὶ</strong></span> <span class='ocrx_word' id='word_1_10' title='bbox 333 831 573 918; x_wconf 77' lang='grc' dir='ltr'>Ἀριστογείτονι</span> <span class='ocrx_word' id='word_1_11' title='bbox 598 833 794 920; x_wconf 75' lang='grc' dir='ltr'>ἐναγίσματα</span> 
     </span>
     <span class='ocr_line' id='line_1_4' title="bbox 257 948 348 1005; baseline 0.022 -3"><span class='ocrx_word' id='word_1_12' title='bbox 257 948 348 1005; x_wconf 84' lang='grc' dir='ltr'>ποιεῖ.</span> 
     </span>
    </p>
   </div>
   <div class='ocr_carea' id='block_1_3' title="bbox 396 1125 1263 1192">
    <p class='ocr_par' dir='ltr' id='par_1_3' title="bbox 396 1125 1263 1192">
     <span class='ocr_line' id='line_1_5' title="bbox 396 1125 1263 1192; baseline -0.002 -3"><span class='ocrx_word' id='word_1_13' title='bbox 396 1125 524 1189; x_wconf 74' lang='lat' dir='ltr'><strong>Aristot.</strong></span> <span class='ocrx_word' id='word_1_14' title='bbox 548 1126 605 1190; x_wconf 90' lang='grc'><strong>60.</strong></span> <span class='ocrx_word' id='word_1_15' title='bbox 632 1128 653 1190; x_wconf 94' lang='grc' dir='ltr'><strong>Ι.</strong></span> <span class='ocrx_word' id='word_1_16' title='bbox 966 1129 1085 1192; x_wconf 79' lang='lat' dir='ltr'>Pollux.</span> <span class='ocrx_word' id='word_1_17' title='bbox 1109 1128 1182 1190; x_wconf 78' lang='lat' dir='ltr'><strong>vni.</strong></span> <span class='ocrx_word' id='word_1_18' title='bbox 1208 1126 1263 1188; x_wconf 84' lang='grc'><strong>93.</strong></span> 
     </span>
    </p>
   </div>
   <div class='ocr_carea' id='block_1_4' title="bbox 256 1277 1380 1984">
    <p class='ocr_par' dir='ltr' id='par_1_4' title="bbox 256 1277 1380 1468">
     <span class='ocr_line' id='line_1_6' title="bbox 256 1277 1380 1365; baseline -0.006 -22"><span class='ocrx_word' id='word_1_19' title='bbox 256 1280 410 1365; x_wconf 81' lang='grc' dir='ltr'>κληροῠσι</span> <span class='ocrx_word' id='word_1_20' title='bbox 447 1278 480 1342; x_wconf 84' lang='grc' dir='ltr'><strong>δὲ</strong></span> <span class='ocrx_word' id='word_1_21' title='bbox 518 1280 572 1340; x_wconf 74' lang='grc' dir='ltr'><strong>καὶ</strong></span> <span class='ocrx_word' id='word_1_22' title='bbox 609 1277 794 1355; x_wconf 79' lang='grc' dir='ltr'>ἀθλοθέτας</span> <span class='ocrx_word' id='word_1_23' title='bbox 840 1278 1020 1343; x_wconf 77' lang='grc' dir='ltr'>ἀθλοθέται</span> <span class='ocrx_word' id='word_1_24' title='bbox 1044 1279 1122 1342; x_wconf 82' lang='grc' dir='ltr'>δέκα</span> <span class='ocrx_word' id='word_1_25' title='bbox 1146 1277 1201 1364; x_wconf 80' lang='grc' dir='ltr'><strong>μέν</strong></span> <span class='ocrx_word' id='word_1_26' title='bbox 1223 1277 1310 1358; x_wconf 83' lang='grc' dir='ltr'>εἰσιν,</span> <span class='ocrx_word' id='word_1_27' title='bbox 1337 1278 1380 1349; x_wconf 74' lang='grc' dir='ltr'><strong>εἷς</strong></span> 
     </span>
     <span class='ocr_line' id='line_1_7' title="bbox 257 1381 1062 1468; baseline 0.001 -22"><span class='ocrx_word' id='word_1_28' title='bbox 257 1381 335 1446; x_wconf 81' lang='grc' dir='ltr'>δέκα</span> <span class='ocrx_word' id='word_1_29' title='bbox 368 1381 492 1466; x_wconf 81' lang='grc' dir='ltr'>ἀνδρας,</span> <span class='ocrx_word' id='word_1_30' title='bbox 525 1381 580 1444; x_wconf 84' lang='grc' dir='ltr'><strong>ἕνα</strong></span> <span class='ocrx_word' id='word_1_31' title='bbox 610 1391 668 1466; x_wconf 79' lang='grc' dir='ltr'><strong>τῆς</strong></span> <span class='ocrx_word' id='word_1_32' title='bbox 692 1382 795 1466; x_wconf 73' lang='grc' dir='ltr'>φυλῆς</span> <span class='ocrx_word' id='word_1_33' title='bbox 840 1386 924 1447; x_wconf 84' lang='grc' dir='ltr'>κατὰ</span> <span class='ocrx_word' id='word_1_34' title='bbox 946 1383 1062 1468; x_wconf 80' lang='grc' dir='ltr'>φυλήν,</span> 
     </span>
    </p>

    <p class='ocr_par' dir='ltr' id='par_1_5' title="bbox 256 1481 1379 1984">
     <span class='ocr_line' id='line_1_8' title="bbox 256 1481 1378 1572; baseline -0.004 -23"><span class='ocrx_word' id='word_1_35' title='bbox 256 1481 427 1571; x_wconf 82' lang='grc' dir='ltr'><strong>ἑκάστης’.</strong></span> <span class='ocrx_word' id='word_1_36' title='bbox 468 1487 553 1548; x_wconf 75' lang='grc' dir='ltr'>οὗτοι</span> <span class='ocrx_word' id='word_1_37' title='bbox 594 1485 628 1548; x_wconf 87' lang='grc' dir='ltr'><strong>δὲ</strong></span> <span class='ocrx_word' id='word_1_38' title='bbox 664 1485 795 1570; x_wconf 84' lang='grc' dir='ltr'>δοκιμα-</span> <span class='ocrx_word' id='word_1_39' title='bbox 840 1486 1088 1572; x_wconf 73' lang='grc' dir='ltr'>δοκιμασθέντες</span> <span class='ocrx_word' id='word_1_40' title='bbox 1104 1487 1138 1549; x_wconf 87' lang='grc' dir='ltr'><strong>δὲ</strong></span> <span class='ocrx_word' id='word_1_41' title='bbox 1154 1487 1304 1570; x_wconf 78' lang='grc' dir='ltr'>ἄρχουσιν</span> <span class='ocrx_word' id='word_1_42' title='bbox 1321 1483 1378 1566; x_wconf 77' lang='grc' dir='ltr'><strong>ἔτη</strong></span> 
     </span>
     <span class='ocr_line' id='line_1_9' title="bbox 256 1587 1379 1674; baseline -0.004 -22"><span class='ocrx_word' id='word_1_43' title='bbox 256 1588 386 1664; x_wconf 80' lang='grc' dir='ltr'>σθέντες</span> <span class='ocrx_word' id='word_1_44' title='bbox 409 1591 540 1673; x_wconf 82' lang='grc' dir='ltr'>ἀρχουσι</span> <span class='ocrx_word' id='word_1_45' title='bbox 563 1587 698 1671; x_wconf 78' lang='grc' dir='ltr'>τέτταρα</span> <span class='ocrx_word' id='word_1_46' title='bbox 721 1589 792 1673; x_wconf 78' lang='grc' dir='ltr'>ἔτη,</span> <span class='ocrx_word' id='word_1_47' title='bbox 840 1589 976 1674; x_wconf 80' lang='grc' dir='ltr'>τέτταρα</span> <span class='ocrx_word' id='word_1_48' title='bbox 1008 1591 1059 1653; x_wconf 82' lang='grc' dir='ltr'><strong>ἐπὶ</strong></span> <span class='ocrx_word' id='word_1_49' title='bbox 1090 1597 1134 1673; x_wconf 87' lang='grc' dir='ltr'><strong>τῷ</strong></span> <span class='ocrx_word' id='word_1_50' title='bbox 1160 1587 1317 1652; x_wconf 86' lang='grc' dir='ltr'>διαθεῖναι</span> <span class='ocrx_word' id='word_1_51' title='bbox 1340 1589 1379 1648; x_wconf 76' lang='grc' dir='ltr'><strong>τὰ</strong></span> 
     </span>
     <span class='ocr_line' id='line_1_10' title="bbox 257 1691 1378 1778; baseline -0.004 -23"><span class='ocrx_word' id='word_1_52' title='bbox 257 1694 312 1755; x_wconf 83' lang='grc' dir='ltr'><strong>καὶ</strong></span> <span class='ocrx_word' id='word_1_53' title='bbox 342 1692 489 1754; x_wconf 80' lang='grc' dir='ltr'>διοικοῦσι</span> <span class='ocrx_word' id='word_1_54' title='bbox 521 1691 579 1776; x_wconf 78' lang='grc' dir='ltr'><strong>τήν</strong></span> <span class='ocrx_word' id='word_1_55' title='bbox 607 1711 642 1754; x_wconf 88' lang='grc' dir='ltr'><strong>τε</strong></span> <span class='ocrx_word' id='word_1_56' title='bbox 665 1693 795 1775; x_wconf 78' lang='grc' dir='ltr'>πομπὴν</span> <span class='ocrx_word' id='word_1_57' title='bbox 839 1692 1066 1778; x_wconf 82' lang='grc' dir='ltr'><strong>Παναθήναια,</strong></span> <span class='ocrx_word' id='word_1_58' title='bbox 1096 1692 1149 1756; x_wconf 79' lang='grc' dir='ltr'><strong>τόν</strong></span> <span class='ocrx_word' id='word_1_59' title='bbox 1172 1713 1207 1754; x_wconf 91' lang='grc' dir='ltr'><strong>τε</strong></span> <span class='ocrx_word' id='word_1_60' title='bbox 1230 1691 1378 1775; x_wconf 74' lang='grc' dir='ltr'>μουσικὸν</span> 
     </span>
     <span class='ocr_line' id='line_1_11' title="bbox 258 1791 1379 1881; baseline -0.004 -24"><span class='ocrx_word' id='word_1_61' title='bbox 258 1803 320 1858; x_wconf 85' lang='grc' dir='ltr'><strong>τῶν</strong></span> <span class='ocrx_word' id='word_1_62' title='bbox 362 1793 596 1878; x_wconf 82' lang='grc' dir='ltr'>Παναθηναίων</span> <span class='ocrx_word' id='word_1_63' title='bbox 641 1797 696 1857; x_wconf 83' lang='grc' dir='ltr'><strong>καὶ</strong></span> <span class='ocrx_word' id='word_1_64' title='bbox 742 1796 795 1857; x_wconf 85' lang='grc' dir='ltr'><strong>τὸν</strong></span> <span class='ocrx_word' id='word_1_65' title='bbox 840 1799 895 1859; x_wconf 83' lang='grc' dir='ltr'><strong>καὶ</strong></span> <span class='ocrx_word' id='word_1_66' title='bbox 925 1799 978 1860; x_wconf 84' lang='grc' dir='ltr'><strong>τὸν</strong></span> <span class='ocrx_word' id='word_1_67' title='bbox 1000 1796 1150 1881; x_wconf 77' lang='grc' dir='ltr'>γυμνικόν</span> <span class='ocrx_word' id='word_1_68' title='bbox 1173 1797 1228 1858; x_wconf 82' lang='grc' dir='ltr'><strong>καὶ</strong></span> <span class='ocrx_word' id='word_1_69' title='bbox 1250 1795 1309 1877; x_wconf 73' lang='grc' dir='ltr'><strong>τὴν</strong></span> <span class='ocrx_word' id='word_1_70' title='bbox 1332 1791 1379 1854; x_wconf 83' lang='grc' dir='ltr'><strong>ἱπ-</strong></span> 
     </span>
     <span class='ocr_line' id='line_1_12' title="bbox 261 1898 1020 1984; baseline 0.003 -24"><span class='ocrx_word' id='word_1_71' title='bbox 261 1898 369 1980; x_wconf 79' lang='grc' dir='ltr'>ἀγῶνα</span> <span class='ocrx_word' id='word_1_72' title='bbox 392 1906 449 1981; x_wconf 77' lang='grc' dir='ltr'><strong>τῆς</strong></span> <span class='ocrx_word' id='word_1_73' title='bbox 473 1906 625 1981; x_wconf 70' lang='grc' dir='ltr'>μουσικῆς</span> <span class='ocrx_word' id='word_1_74' title='bbox 657 1899 711 1959; x_wconf 89' lang='grc' dir='ltr'><strong>καὶ</strong></span> <span class='ocrx_word' id='word_1_75' title='bbox 743 1899 796 1959; x_wconf 87' lang='grc' dir='ltr'><strong>τὸν</strong></span> <span class='ocrx_word' id='word_1_76' title='bbox 840 1899 1020 1984; x_wconf 80' lang='grc' dir='ltr'>ποδρομίαν.</span> 
     </span>
    </p>
   </div>
   <div class='ocr_carea' id='block_1_5' title="bbox 257 1999 820 2496">
    <p class='ocr_par' dir='ltr' id='par_1_6' title="bbox 257 1999 820 2496">
     <span class='ocr_line' id='line_1_13' title="bbox 257 1999 795 2085; baseline 0.002 -24"><span class='ocrx_word' id='word_1_77' title='bbox 257 2003 407 2085; x_wconf 80' lang='grc' dir='ltr'>γυμνικὸν</span> <span class='ocrx_word' id='word_1_78' title='bbox 437 2001 546 2083; x_wconf 83' lang='grc' dir='ltr'>ἀγῶνα</span> <span class='ocrx_word' id='word_1_79' title='bbox 578 2002 632 2063; x_wconf 83' lang='grc' dir='ltr'><strong>καὶ</strong></span> <span class='ocrx_word' id='word_1_80' title='bbox 663 2001 721 2083; x_wconf 76' lang='grc' dir='ltr'><strong>τὴν</strong></span> <span class='ocrx_word' id='word_1_81' title='bbox 746 1999 795 2062; x_wconf 78' lang='lat' dir='ltr'><strong>tn-</strong></span> 
     </span>
     <span class='ocr_line' id='line_1_14' title="bbox 257 2101 795 2186; baseline 0 -22"><span class='ocrx_word' id='word_1_82' title='bbox 257 2101 447 2186; x_wconf 79' lang='grc' dir='ltr'>ποδρομίαν,</span> <span class='ocrx_word' id='word_1_83' title='bbox 494 2105 548 2166; x_wconf 87' lang='grc' dir='ltr'><strong>καὶ</strong></span> <span class='ocrx_word' id='word_1_84' title='bbox 589 2105 641 2166; x_wconf 84' lang='grc' dir='ltr'><strong>τὸν</strong></span> <span class='ocrx_word' id='word_1_85' title='bbox 674 2101 795 2165; x_wconf 79' lang='grc' dir='ltr'>πέπλον</span> 
     </span>
     <span class='ocr_line' id='line_1_15' title="bbox 259 2206 796 2288; baseline -0.002 -22"><span class='ocrx_word' id='word_1_86' title='bbox 259 2214 417 2269; x_wconf 85' lang='grc' dir='ltr'>ποιοῦνται</span> <span class='ocrx_word' id='word_1_87' title='bbox 449 2207 503 2268; x_wconf 84' lang='grc' dir='ltr'><strong>καὶ</strong></span> <span class='ocrx_word' id='word_1_88' title='bbox 540 2209 611 2280; x_wconf 87' lang='grc' dir='ltr'>τοὺς</span> <span class='ocrx_word' id='word_1_89' title='bbox 648 2206 796 2288; x_wconf 78' lang='grc' dir='ltr'>ἀμφορεῖς</span> 
     </span>
     <span class='ocr_line' id='line_1_16' title="bbox 262 2307 796 2394; baseline 0 -24"><span class='ocrx_word' id='word_1_90' title='bbox 262 2309 341 2392; x_wconf 83' lang='grc' dir='ltr'>μετὰ</span> <span class='ocrx_word' id='word_1_91' title='bbox 355 2317 412 2392; x_wconf 76' lang='grc' dir='ltr'><strong>τῆς</strong></span> <span class='ocrx_word' id='word_1_92' title='bbox 429 2308 556 2394; x_wconf 73' lang='grc' dir='ltr'>βουλῆς,</span> <span class='ocrx_word' id='word_1_93' title='bbox 581 2311 636 2372; x_wconf 84' lang='grc' dir='ltr'><strong>καὶ</strong></span> <span class='ocrx_word' id='word_1_94' title='bbox 659 2311 694 2372; x_wconf 83' lang='grc' dir='ltr'><strong>τὸ</strong></span> <span class='ocrx_word' id='word_1_95' title='bbox 711 2307 796 2372; x_wconf 81' lang='grc' dir='ltr'>ἔλαι-</span> 
     </span>
     <span class='ocr_line' id='line_1_17' title="bbox 257 2379 820 2496; baseline -0.002 -22"><span class='ocrx_word' id='word_1_96' title='bbox 257 2432 293 2474; x_wconf 94' lang='grc' dir='ltr'><strong>ον</strong></span> <span class='ocrx_word' id='word_1_97' title='bbox 302 2420 366 2486; x_wconf 79' lang='grc' dir='ltr'>τοῖς</span> <span class='ocrx_word' id='word_1_98' title='bbox 381 2410 542 2496; x_wconf 84' lang='grc' dir='ltr'><strong>ἀθληταῖς</strong></span> <span class='ocrx_word' id='word_1_99' title='bbox 557 2410 749 2474; x_wconf 80' lang='grc' dir='ltr'>ἀποδιδόασι.</span> <span class='ocrx_word' id='word_1_100' title='bbox 817 2379 820 2481; x_wconf 60' lang='grc' dir='ltr'>θ</span> 
     </span>
    </p>
   </div>
   <div class='ocr_carea' id='block_1_6' title="bbox 258 2596 1381 2785">
    <p class='ocr_par' dir='ltr' id='par_1_7' title="bbox 258 2596 1381 2785">
     <span class='ocr_line' id='line_1_18' title="bbox 359 2596 1381 2681; baseline -0.003 -19"><span class='ocrx_word' id='word_1_101' title='bbox 359 2599 406 2663; x_wconf 83' lang='lat' dir='ltr'><strong>En</strong></span> <span class='ocrx_word' id='word_1_102' title='bbox 443 2599 547 2678; x_wconf 74' lang='lat' dir='ltr'><strong>vides,</strong></span> <span class='ocrx_word' id='word_1_103' title='bbox 586 2599 737 2681; x_wconf 84' lang='lat' dir='ltr'><strong>quomodo</strong></span> <span class='ocrx_word' id='word_1_104' title='bbox 769 2598 881 2663; x_wconf 85' lang='lat' dir='ltr'>Pollux</span> <span class='ocrx_word' id='word_1_105' title='bbox 912 2598 978 2664; x_wconf 87' lang='lat' dir='ltr'><strong>loco</strong></span> <span class='ocrx_word' id='word_1_106' title='bbox 1009 2599 1109 2679; x_wconf 89' lang='lat' dir='ltr'><strong>priore</strong></span> <span class='ocrx_word' id='word_1_107' title='bbox 1142 2596 1381 2679; x_wconf 82' lang='lat' dir='ltr'><strong>Aristogeitonis</strong></span> 
     </span>
     <span class='ocr_line' id='line_1_19' title="bbox 258 2701 1329 2785; baseline -0.003 -18"><span class='ocrx_word' id='word_1_108' title='bbox 258 2721 353 2782; x_wconf 77' lang='lat' dir='ltr'><strong>sacra,</strong></span> <span class='ocrx_word' id='word_1_109' title='bbox 376 2703 544 2785; x_wconf 87' lang='lat' dir='ltr'><strong>posteriore</strong></span> <span class='ocrx_word' id='word_1_110' title='bbox 566 2702 666 2767; x_wconf 91' lang='lat' dir='ltr'><strong>totum</strong></span> <span class='ocrx_word' id='word_1_111' title='bbox 689 2701 782 2766; x_wconf 86' lang='lat' dir='ltr'><strong>finem</strong></span> <span class='ocrx_word' id='word_1_112' title='bbox 806 2701 956 2767; x_wconf 81' lang='lat' dir='ltr'><strong>enuntiati</strong></span> <span class='ocrx_word' id='word_1_113' title='bbox 980 2701 1160 2766; x_wconf 84' lang='lat' dir='ltr'><strong>Aristotelei</strong></span> <span class='ocrx_word' id='word_1_114' title='bbox 1182 2701 1329 2767; x_wconf 87' lang='lat' dir='ltr'><strong>omiserit.</strong></span> 
     </span>
    </p>
   </div>
   <div class='ocr_carea' id='block_1_7' title="bbox 260 3005 1382 3201">
    <p class='ocr_par' dir='ltr' id='par_1_8' title="bbox 260 3005 1382 3201">
     <span class='ocr_line' id='line_1_20' title="bbox 260 3005 1382 3097; baseline -0.002 -21"><span class='ocrx_word' id='word_1_115' title='bbox 260 3005 344 3096; x_wconf 65' lang='lat' dir='ltr'><strong>go.</strong></span> <span class='ocrx_word' id='word_1_116' title='bbox 389 3007 570 3077; x_wconf 83' lang='lat' dir='ltr'>Verbum</span> <span class='ocrx_word' id='word_1_117' title='bbox 594 3009 788 3092; x_wconf 82' lang='grc' dir='ltr'>ἐπερωτά</span> <span class='ocrx_word' id='word_1_118' title='bbox 813 3007 920 3097; x_wconf 87' lang='lat' dir='ltr'><strong>apud</strong></span> <span class='ocrx_word' id='word_1_119' title='bbox 943 3007 1114 3077; x_wconf 88' lang='lat' dir='ltr'><strong>Aristot.</strong></span> <span class='ocrx_word' id='word_1_120' title='bbox 1138 3005 1203 3076; x_wconf 85' lang='lat'><strong>55.</strong></span> <span class='ocrx_word' id='word_1_121' title='bbox 1228 3007 1251 3075; x_wconf 87' lang='lat'><strong>4</strong></span> <span class='ocrx_word' id='word_1_122' title='bbox 1275 3006 1382 3075; x_wconf 86' lang='lat' dir='ltr'><strong>nude</strong></span> 
     </span>
     <span class='ocr_line' id='line_1_21' title="bbox 289 3109 1351 3201; baseline -0.002 -21"><span class='ocrx_word' id='word_1_123' title='bbox 289 3111 468 3200; x_wconf 87' lang='lat' dir='ltr'><strong>positum</strong></span> <span class='ocrx_word' id='word_1_124' title='bbox 492 3132 516 3180; x_wconf 84' lang='lat' dir='ltr'><strong>c</strong></span> <span class='ocrx_word' id='word_1_125' title='bbox 540 3131 733 3181; x_wconf 83' lang='lat' dir='ltr'>sermone</span> <span class='ocrx_word' id='word_1_126' title='bbox 756 3111 1067 3201; x_wconf 70' lang='lat' dir='ltr'><strong>inscriptionum</strong></span> <span class='ocrx_word' id='word_1_127' title='bbox 1090 3109 1351 3200; x_wconf 84' lang='lat' dir='ltr'><strong>intellegitur.</strong></span> 
     </span>
    </p>
   </div>
   <div class='ocr_carea' id='block_1_8' title="bbox 258 3300 1384 3696">
    <p class='ocr_par' dir='ltr' id='par_1_9' title="bbox 258 3300 1384 3696">
     <span class='ocr_line' id='line_1_22' title="bbox 359 3300 1383 3385; baseline -0.005 -19"><span class='ocrx_word' id='word_1_128' title='bbox 359 3301 392 3366; x_wconf 86' lang='lat' dir='ltr'><strong>Si</strong></span> <span class='ocrx_word' id='word_1_129' title='bbox 410 3300 646 3384; x_wconf 84' lang='lat' dir='ltr'><strong>Wilamowitz¹J</strong></span> <span class='ocrx_word' id='word_1_130' title='bbox 661 3303 693 3366; x_wconf 91' lang='lat' dir='ltr'><strong>in</strong></span> <span class='ocrx_word' id='word_1_131' title='bbox 708 3302 801 3366; x_wconf 83' lang='lat' dir='ltr'><strong>verbo</strong></span> <span class='ocrx_word' id='word_1_132' title='bbox 817 3301 959 3385; x_wconf 79' lang='grc' dir='ltr'>ἐπερωτά</span> <span class='ocrx_word' id='word_1_133' title='bbox 975 3301 1013 3365; x_wconf 86' lang='lat' dir='ltr'><strong>ab</strong></span> <span class='ocrx_word' id='word_1_134' title='bbox 1033 3301 1199 3365; x_wconf 72' lang='lat' dir='ltr'><strong>Aristotele</strong></span> <span class='ocrx_word' id='word_1_135' title='bbox 1215 3319 1280 3382; x_wconf 82' lang='lat' dir='ltr'><strong>cap.</strong></span> <span class='ocrx_word' id='word_1_136' title='bbox 1297 3301 1348 3364; x_wconf 76' lang='lat'><strong>55.</strong></span> <span class='ocrx_word' id='word_1_137' title='bbox 1364 3304 1383 3362; x_wconf 79' lang='lat'><strong>4</strong></span> 
     </span>
     <span class='ocr_line' id='line_1_23' title="bbox 258 3402 1383 3488; baseline 0.002 -22"><span class='ocrx_word' id='word_1_138' title='bbox 258 3402 339 3468; x_wconf 82' lang='lat' dir='ltr'><strong>nude</strong></span> <span class='ocrx_word' id='word_1_139' title='bbox 361 3405 462 3486; x_wconf 88' lang='lat' dir='ltr'><strong>posito</strong></span> <span class='ocrx_word' id='word_1_140' title='bbox 486 3405 669 3481; x_wconf 83' lang='lat' dir='ltr'><strong>offendebat,</strong></span> <span class='ocrx_word' id='word_1_141' title='bbox 703 3406 763 3470; x_wconf 85' lang='lat' dir='ltr'><strong>sibi</strong></span> <span class='ocrx_word' id='word_1_142' title='bbox 786 3408 928 3470; x_wconf 78' lang='lat' dir='ltr'><strong>constans</strong></span> <span class='ocrx_word' id='word_1_143' title='bbox 952 3405 1047 3470; x_wconf 82' lang='lat' dir='ltr'><strong>ctiam</strong></span> <span class='ocrx_word' id='word_1_144' title='bbox 1069 3404 1162 3469; x_wconf 83' lang='lat' dir='ltr'><strong>verba</strong></span> <span class='ocrx_word' id='word_1_145' title='bbox 1183 3405 1289 3488; x_wconf 82' lang='lat' dir='ltr'><strong>paullo</strong></span> <span class='ocrx_word' id='word_1_146' title='bbox 1311 3408 1383 3468; x_wconf 84' lang='lat' dir='ltr'><strong>ente</strong></span> 
     </span>
     <span class='ocr_line' id='line_1_24' title="bbox 260 3507 1384 3594; baseline 0 -23"><span class='ocrx_word' id='word_1_147' title='bbox 260 3508 375 3589; x_wconf 83' lang='lat' dir='ltr'><strong>scripto</strong></span> <span class='ocrx_word' id='word_1_148' title='bbox 406 3507 501 3594; x_wconf 73' lang='grc' dir='ltr'>φησίν</span> <span class='ocrx_word' id='word_1_149' title='bbox 532 3509 563 3573; x_wconf 85' lang='lat' dir='ltr'><strong>et</strong></span> <span class='ocrx_word' id='word_1_150' title='bbox 594 3508 790 3592; x_wconf 82' lang='grc' dir='ltr'>ἐπερωτῶσιν</span> <span class='ocrx_word' id='word_1_151' title='bbox 821 3510 859 3572; x_wconf 86' lang='lat' dir='ltr'><strong>ab</strong></span> <span class='ocrx_word' id='word_1_152' title='bbox 891 3509 1062 3574; x_wconf 76' lang='lat' dir='ltr'><strong>Aristotele</strong></span> <span class='ocrx_word' id='word_1_153' title='bbox 1093 3507 1268 3591; x_wconf 82' lang='lat' dir='ltr'><strong>abjudicare</strong></span> <span class='ocrx_word' id='word_1_154' title='bbox 1295 3508 1384 3573; x_wconf 87' lang='lat' dir='ltr'><strong>debe·</strong></span> 
     </span>
     <span class='ocr_line' id='line_1_25' title="bbox 260 3609 1384 3696; baseline 0.003 -24"><span class='ocrx_word' id='word_1_155' title='bbox 260 3609 322 3688; x_wconf 77' lang='lat' dir='ltr'><strong>bat,</strong></span> <span class='ocrx_word' id='word_1_156' title='bbox 353 3609 407 3674; x_wconf 90' lang='lat' dir='ltr'><strong>ubi</strong></span> <span class='ocrx_word' id='word_1_157' title='bbox 437 3613 562 3676; x_wconf 87' lang='lat' dir='ltr'><strong>uomina</strong></span> <span class='ocrx_word' id='word_1_158' title='bbox 594 3631 707 3689; x_wconf 73' lang='lat' dir='ltr'><strong>comm,</strong></span> <span class='ocrx_word' id='word_1_159' title='bbox 740 3612 793 3694; x_wconf 91' lang='lat' dir='ltr'><strong>qui</strong></span> <span class='ocrx_word' id='word_1_160' title='bbox 816 3612 1057 3696; x_wconf 69' lang='lat' dir='ltr'><strong>interrogabant,</strong></span> <span class='ocrx_word' id='word_1_161' title='bbox 1092 3629 1187 3694; x_wconf 84' lang='lat' dir='ltr'><strong>aeque</strong></span> <span class='ocrx_word' id='word_1_162' title='bbox 1210 3612 1384 3692; x_wconf 81' lang='lat' dir='ltr'><strong>supplenda</strong></span> 
     </span>
    </p>
   </div>
   <div class='ocr_carea' id='block_1_9' title="bbox 259 3713 1383 3898">
    <p class='ocr_par' dir='ltr' id='par_1_10' title="bbox 259 3713 1383 3898">
     <span class='ocr_line' id='line_1_26' title="bbox 259 3713 1380 3797; baseline 0.004 -23"><span class='ocrx_word' id='word_1_163' title='bbox 259 3713 341 3776; x_wconf 87' lang='lat' dir='ltr'><strong>sunt.</strong></span> <span class='ocrx_word' id='word_1_164' title='bbox 387 3713 447 3779; x_wconf 84' lang='lat' dir='ltr'><strong>Sed</strong></span> <span class='ocrx_word' id='word_1_165' title='bbox 469 3714 541 3780; x_wconf 82' lang='lat' dir='ltr'><strong>talis</strong></span> <span class='ocrx_word' id='word_1_166' title='bbox 564 3733 638 3779; x_wconf 87' lang='lat' dir='ltr'><strong>usus</strong></span> <span class='ocrx_word' id='word_1_167' title='bbox 662 3715 795 3780; x_wconf 90' lang='lat' dir='ltr'><strong>sermoni</strong></span> <span class='ocrx_word' id='word_1_168' title='bbox 816 3715 1052 3797; x_wconf 82' lang='lat' dir='ltr'><strong>inscriptionum</strong></span> <span class='ocrx_word' id='word_1_169' title='bbox 1075 3732 1135 3778; x_wconf 91' lang='lat' dir='ltr'><strong>non</strong></span> <span class='ocrx_word' id='word_1_170' title='bbox 1158 3713 1276 3778; x_wconf 85' lang='lat' dir='ltr'><strong>alienus</strong></span> <span class='ocrx_word' id='word_1_171' title='bbox 1299 3716 1380 3778; x_wconf 82' lang='lat' dir='ltr'><strong>erat:</strong></span> 
     </span>
     <span class='ocr_line' id='line_1_27' title="bbox 259 3814 1383 3898; baseline 0.001 -20"><span class='ocrx_word' id='word_1_172' title='bbox 259 3815 299 3878; x_wconf 84' lang='lat' dir='ltr'><strong>ci.</strong></span> <span class='ocrx_word' id='word_1_173' title='bbox 322 3814 427 3881; x_wconf 88' lang='lat' dir='ltr'><strong>Mitth.</strong></span> <span class='ocrx_word' id='word_1_174' title='bbox 451 3816 504 3883; x_wconf 91' lang='lat' dir='ltr'><strong>des</strong></span> <span class='ocrx_word' id='word_1_175' title='bbox 527 3817 608 3882; x_wconf 85' lang='lat' dir='ltr'><strong>arch.</strong></span> <span class='ocrx_word' id='word_1_176' title='bbox 631 3819 708 3882; x_wconf 87' lang='lat' dir='ltr'><strong>Inst.</strong></span> <span class='ocrx_word' id='word_1_177' title='bbox 731 3836 769 3883; x_wconf 91' lang='lat' dir='ltr'><strong>zu</strong></span> <span class='ocrx_word' id='word_1_178' title='bbox 791 3816 906 3882; x_wconf 84' lang='lat' dir='ltr'><strong>Athen.</strong></span> <span class='ocrx_word' id='word_1_179' title='bbox 950 3817 1021 3882; x_wconf 91' lang='lat' dir='ltr'><strong>VII.</strong></span> <span class='ocrx_word' id='word_1_180' title='bbox 1056 3837 1083 3898; x_wconf 88' lang='lat' dir='ltr'><strong>p.</strong></span> <span class='ocrx_word' id='word_1_181' title='bbox 1108 3815 1173 3880; x_wconf 85' lang='grc'><strong>368</strong></span> <span class='ocrx_word' id='word_1_182' title='bbox 1203 3816 1245 3898; x_wconf 87' lang='lat' dir='ltr'><strong>(a.</strong></span> <span class='ocrx_word' id='word_1_183' title='bbox 1267 3816 1333 3880; x_wconf 81' lang='lat'><strong>346</strong></span> <span class='ocrx_word' id='word_1_184' title='bbox 1356 3835 1383 3880; x_wconf 85' lang='lat' dir='ltr'><strong>a.</strong></span> 
     </span>
    </p>
   </div>
   <div class='ocr_carea' id='block_1_10' title="bbox 264 4037 520 4048">
    <p class='ocr_par' dir='ltr' id='par_1_11' title="bbox 264 4037 520 4048">
     <span class='ocr_line' id='line_1_28' title="bbox 264 4037 520 4048; baseline 0.016 -4"><span class='ocrx_word' id='word_1_185' title='bbox 264 4037 297 4044; x_wconf 75' lang='grc'><em>...-</em></span> <span class='ocrx_word' id='word_1_186' title='bbox 308 4037 520 4048; x_wconf 65' lang='lat'><em>-—.........-.--.</em></span> 
     </span>
    </p>
   </div>
   <div class='ocr_carea' id='block_1_11' title="bbox 145 4167 1386 4257">
    <p class='ocr_par' dir='ltr' id='par_1_12' title="bbox 145 4167 1386 4257">
     <span class='ocr_line' id='line_1_29' title="bbox 145 4167 1386 4257; baseline -0.001 -16"><span class='ocrx_word' id='word_1_187' title='bbox 145 4167 157 4180; x_wconf 83' lang='lat'><strong><em>‘</em></strong></span> <span class='ocrx_word' id='word_1_188' title='bbox 255 4187 696 4255; x_wconf 76' lang='lat' dir='ltr'><strong>lun‚qu0eu11am0wnzl.1.</strong></span> <span class='ocrx_word' id='word_1_189' title='bbox 716 4188 734 4242; x_wconf 91' lang='lat'><strong>1.</strong></span> <span class='ocrx_word' id='word_1_190' title='bbox 747 4203 773 4257; x_wconf 78' lang='lat' dir='ltr'><strong>p.</strong></span> <span class='ocrx_word' id='word_1_191' title='bbox 786 4190 845 4244; x_wconf 80' lang='lat'>249.</span> <span class='ocrx_word' id='word_1_192' title='bbox 864 4203 928 4244; x_wconf 78' lang='lat' dir='ltr'><strong>ann.</strong></span> <span class='ocrx_word' id='word_1_193' title='bbox 948 4191 994 4242; x_wconf 82' lang='lat'><strong>¹30</strong></span> <span class='ocrx_word' id='word_1_194' title='bbox 1007 4191 1085 4243; x_wconf 76' lang='lat' dir='ltr'><strong>reete</strong></span> <span class='ocrx_word' id='word_1_195' title='bbox 1097 4190 1224 4243; x_wconf 75' lang='lat' dir='ltr'><strong>miratur.</strong></span> <span class='ocrx_word' id='word_1_196' title='bbox 1251 4188 1386 4242; x_wconf 79' lang='lat' dir='ltr'><strong>Pnnostr.</strong></span> 
     </span>
    </p>
   </div>
   <div class='ocr_carea' id='block_1_12' title="bbox 259 4273 1386 4416">
    <p class='ocr_par' dir='ltr' id='par_1_13' title="bbox 259 4273 1386 4416">
     <span class='ocr_line' id='line_1_30' title="bbox 259 4273 1386 4342; baseline 0.004 -16"><span class='ocrx_word' id='word_1_197' title='bbox 259 4275 319 4328; x_wconf 83' lang='lat' dir='ltr'><strong>vita</strong></span> <span class='ocrx_word' id='word_1_198' title='bbox 334 4275 450 4342; x_wconf 85' lang='lat' dir='ltr'><strong>sophist.</strong></span> <span class='ocrx_word' id='word_1_199' title='bbox 478 4275 509 4328; x_wconf 90' lang='lat'><strong>11.</strong></span> <span class='ocrx_word' id='word_1_200' title='bbox 528 4276 563 4328; x_wconf 86' lang='lat'><strong>30</strong></span> <span class='ocrx_word' id='word_1_201' title='bbox 588 4276 669 4330; x_wconf 89' lang='lat' dir='ltr'><strong>locus</strong></span> <span class='ocrx_word' id='word_1_202' title='bbox 696 4273 869 4337; x_wconf 81' lang='lat' dir='ltr'><strong>aKeibelio,</strong></span> <span class='ocrx_word' id='word_1_203' title='bbox 888 4275 940 4330; x_wconf 83' lang='lat' dir='ltr'><strong>stu</strong></span> <span class='ocrx_word' id='word_1_204' title='bbox 959 4290 986 4328; x_wconf 89' lang='lat' dir='ltr'><strong>u.</strong></span> <span class='ocrx_word' id='word_1_205' title='bbox 1006 4276 1080 4329; x_wconf 79' lang='lat' dir='ltr'><strong>Text</strong></span> <span class='ocrx_word' id='word_1_206' title='bbox 1109 4290 1134 4342; x_wconf 91' lang='lat' dir='ltr'><strong>p.</strong></span> <span class='ocrx_word' id='word_1_207' title='bbox 1155 4275 1326 4330; x_wconf 72' lang='lat' dir='ltr'><strong>mucltatus</strong></span> <span class='ocrx_word' id='word_1_208' title='bbox 1350 4275 1386 4330; x_wconf 82' lang='lat' dir='ltr'><strong>ad</strong></span> 
     </span>
     <span class='ocr_line' id='line_1_31' title="bbox 261 4359 1229 4416; baseline 0.001 -3"><span class='ocrx_word' id='word_1_209' title='bbox 261 4361 429 4416; x_wconf 83' lang='lat' dir='ltr'><strong>sententium</strong></span> <span class='ocrx_word' id='word_1_210' title='bbox 447 4359 662 4416; x_wconf 81' lang='lat' dir='ltr'><strong>Wilemowitzii</strong></span> <span class='ocrx_word' id='word_1_211' title='bbox 680 4362 879 4416; x_wconf 84' lang='lat' dir='ltr'><strong>debilitandam</strong></span> <span class='ocrx_word' id='word_1_212' title='bbox 898 4362 1004 4416; x_wconf 89' lang='lat' dir='ltr'><strong>nullius</strong></span> <span class='ocrx_word' id='word_1_213' title='bbox 1023 4366 1067 4416; x_wconf 88' lang='lat' dir='ltr'><strong>est</strong></span> <span class='ocrx_word' id='word_1_214' title='bbox 1086 4363 1229 4416; x_wconf 84' lang='lat' dir='ltr'><strong>momenti.</strong></span> 
     </span>
    </p>
   </div>
   <div class='ocr_carea' id='block_1_13' title="bbox 359 4461 620 4531">
    <p class='ocr_par' dir='ltr' id='par_1_14' title="bbox 359 4461 620 4531">
     <span class='ocr_line' id='line_1_32' title="bbox 359 4461 620 4531; baseline 0.019 -18"><span class='ocrx_word' id='word_1_215' title='bbox 359 4461 386 4527; x_wconf 83' lang='grc' dir='ltr'><strong>ι)</strong></span> <span class='ocrx_word' id='word_1_216' title='bbox 405 4464 423 4517; x_wconf 85' lang='grc' dir='ltr'><strong>ι.</strong></span> <span class='ocrx_word' id='word_1_217' title='bbox 443 4463 459 4516; x_wconf 90' lang='lat'><strong>1.</strong></span> <span class='ocrx_word' id='word_1_218' title='bbox 479 4463 497 4516; x_wconf 90' lang='lat'><strong>1.</strong></span> <span class='ocrx_word' id='word_1_219' title='bbox 516 4479 541 4531; x_wconf 81' lang='lat' dir='ltr'><strong>p.</strong></span> <span class='ocrx_word' id='word_1_220' title='bbox 562 4464 620 4518; x_wconf 77' lang='lat' dir='ltr'><strong>coe.</strong></span> 
     </span>
    </p>
   </div>
   <div class='ocr_carea' id='block_1_14' title="bbox 0 0 1714 5276">
    <p class='ocr_par' dir='ltr' id='par_1_15' title="bbox 0 0 1714 5276">
     <span class='ocr_line' id='line_1_33' title="bbox 0 0 1714 5276; baseline 0 0"><span class='ocrx_word' id='word_1_221' title='bbox 0 0 1714 5276; x_wconf 95' lang='lat' dir='ltr'><strong> </strong></span> 
     </span>
    </p>
   </div>
  </div>
 </body>
</html>
