3396 5278
815 547 1020 646 „124-

218 755 346 820 Arislol.
372 757 429 820 59.
512 727 1117 920 γ8οὴοΙ.21;1;Ι.ῠΡὴοοᾱι,Ι8οΙιοΙ.ῠοιο.
1134 748 1646 875 706.12.γΡὴοί.ο.ν.θεσμοθὲται.

528 960 670 1042 (oceno
690 963 709 1022 ι.
733 905 814 1023 roo.
829 924 894 1035 aad

527 1077 555 1140 οἱ
579 1079 613 1140 δὲ
632 1076 831 1162 θεσμοθέται
854 1077 887 1155 ἕξ
1277 1077 1361 1162 ἀρχὴ
1379 1073 1565 1160 Ἀθήνησιν
1591 1076 1644 1140 ἀν·

528 1181 586 1243 εἰσι
611 1183 664 1244 τον
684 1178 887 1263 ἀριθμονάρ
1277 1179 1355 1263 δρῶν
1398 1177 1451 1260 ἕξ,
1502 1177 1536 1241 οἳ
1585 1181 1644 1262 τὴν
1676 1217 1678 1222 -

512 1283 570 1365 γῶν
586 1285 640 1346 καὶ
656 1283 673 1346 ὁ
686 1282 790 1365 τόπος,
808 1283 886 1346 ὅπου
1277 1289 1337 1345 τῶν
1346 1280 1446 1366 νόμον
1456 1281 1645 1366 ἐπιμέλειαν

511 1376 685 1533 decepissem
729 1388 784 1448 καὶ
824 1386 886 1448 ἐοι-
1277 1383 1438 1448 ἐποιοῦντο
1449 1383 1485 1468 ¹).
1602 1391 1609 1396 “

1270 926 1273 1007 l

511 1497 663 1570 ⁴colloco,
725 1487 887 1573 θεμίστιον

511 1568 687 1681 {ecclisiae

149 1692 323 1776 προγράφαι
355 1694 395 1755 τὰ
418 1686 513 1767 dean-ff
527 1694 707 1778 ὑπογράψαι
736 1695 775 1756 τὰ
798 1694 885 1757 διπα-

149 1795 282 1880 στήρια.
300 1844 307 1858 .
325 1796 370 1860 ἔτι
394 1794 427 1856 δὲ
451 1799 513 1870 τὰς
528 1797 653 1881 οτήριοι.

148 1897 375 1982 εἰςαγγελίας..
389 1899 506 1974 καὶτὰς
527 1898 721 1984 εἰςαγγελίας
745 1899 868 1983 εἰςῆγον
1002 1906 1153 1990 ἄρχοντες
1176 1899 1264 1965 ἐννέα
1275 1896 1468 1984 εἰςαγγελίας
1531 1895 1639 1980 εἰςήγ-

148 1999 424 2084 καταχειροτονίας
451 2003 582 2065 καὶκαὶ
606 2006 661 2078 τὰς
694 2000 886 2088 χειροτονίας
906 2006 1053 2091 ἐλέγοντο
1081 2005 1108 2070 οἱ
1132 2003 1164 2082 ἓξ
1188 2000 1389 2084 ceo-peltes
1412 2002 1466 2063 καὶ
1489 2001 1548 2075 τὰς
1571 2020 1638 2084 χει·
1679 2047 1680 2086 γ

147 2102 365 2188 τάςπροβολὰς
381 2101 512 2178 dadonem
526 2107 581 2167 καὶ
603 2104 758 2191 προβολάς
906 2109 1053 2196 poterat,
1078 2111 1188 2183 οἵτινες
1207 2103 1412 2188 εἰς-ροτονίας
1421 2105 1546 2178 καὶτὰς
1562 2122 1638 2184 προ-

150 2207 249 2268 ..καὶ
263 2207 386 2288 γραφὰς
402 2172 512 2290 παρα-ἒ
526 2210 581 2270 καὶ
603 2211 726 2292 γραφὰς
750 2207 885 2291 παρανό-
904 2221 984 2296 ῆγον
1007 2213 1063 2287 τὰς
1081 2219 1143 2274 τῶν
1163 2232 1263 2295 παρα·
1274 2207 1369 2294 βολὰς
1408 2205 1536 2282 ἁπάσας
1583 2205 1638 2267 καὶ

148 2308 258 2394 νόμων.
509 2313 653 2396 γμωνκαὶ
664 2311 771 2377 ἄλλων
781 2321 882 2376 τινῶν.
905 2313 1005 2399 νόμων
1027 2313 1160 2398 γραφάς.
1273 2315 1395 2398 γραφὰς
1416 2309 1619 2394 παρανόμων.

453 2515 563 2593 Verba,
596 2535 673 2598 quae
697 2518 827 2584 Photius
850 2519 908 2584 sub
930 2518 1023 2582 finem
1046 2517 1166 2583 addidit
1200 2520 1255 2582 καὶ
1286 2520 1371 2602 ἦσαν
1403 2517 1482 2600 διορ·

352 2616 455 2679 horai
478 2626 538 2681 τῶν
561 2618 673 2702 νόμον,
699 2621 839 2687 indidem
862 2622 965 2700 habet,
990 2621 1071 2685 unde
1093 2620 1244 2702 Harpocr.
1268 2639 1292 2685 a.
1308 2641 1336 2685 v.
1361 2621 1482 2705 θεσμο-

352 2717 443 2782 θέται
467 2747 505 2775 =
527 2719 612 2785 Suid.
637 2741 661 2786 s.
684 2742 723 2800 v.,
759 2725 814 2805 qui
831 2723 1020 2790 Aeschinem
1051 2722 1082 2787 3.
1105 2723 1148 2786 38
1180 2732 1212 2788 et
1233 2723 1482 2807 Theophrastum

351 2823 445 2886 testes
470 2822 567 2888 affert.
622 2824 724 2891 Schol.
759 2845 789 2908 q.
823 2826 935 2891 Aesch.
965 2825 992 2889 l.
1018 2825 1060 2889 16
1091 2845 1107 2890 e
1139 2824 1268 2890 Polluce
1300 2843 1443 2891 manasse
1454 2825 1481 2908 ²]

347 2927 450 3004 credo,
483 2928 554 3008 quia
584 2928 679 2993 verba
704 2926 732 2993 oi
756 2928 956 3014 θεσμοθέται
979 2928 1064 2992 ἄλλα
1088 2929 1145 3014 μὲν
1166 2937 1288 2992 ποιοῦσι
1311 2936 1401 3012 κοινῇ
1426 2928 1481 2993 do·

351 3031 429 3107 cent,
461 3030 493 3092 in
516 3031 599 3095 fonte
624 3033 661 3097 de
686 3034 902 3100 communibus
925 3035 1063 3099 omnium
1086 3033 1269 3099 archontum
1292 3032 1402 3098 officiis
1419 3017 1481 3096 'an-

350 3136 400 3196 tea
422 3132 617 3214 disputatum
641 3155 716 3214 esse,
742 3137 823 3219 qued
847 3137 959 3202 Pollux
976 3157 1054 3202 unus
1077 3156 1109 3202 re
1133 3156 1204 3202 vera
1227 3137 1313 3219 fecit,
1336 3136 1374 3201 cf.
1399 3137 1416 3218 ξ
1439 3135 1481 3197 87

351 3238 405 3299 καὶ
437 3246 525 3321 κοινῇ
560 3238 616 3322 μὲν
647 3248 770 3303 ταῦτα·
797 3239 859 3325 ἰδίᾳ
891 3240 944 3303 δὲ.
962 3289 969 3304 .
985 3289 1015 3304 ..
1063 3239 1203 3319 Accedit,
1236 3239 1318 3322 quod
1349 3237 1479 3302 eundern

352 3340 550 3406 scholiastam
582 3342 695 3408 codicis
727 3363 747 3425 q
775 3345 870 3409 etiam
892 3344 967 3409 alibi
979 3343 1004 3428 ⁸)
1027 3343 1154 3410 Polluce
1187 3361 1279 3410 nsum
1310 3361 1376 3408 esse
1400 3361 1482 3409 com-

351 3445 497 3524 perimus.
551 3444 668 3510 Causae
701 3446 924 3532 aKaibelic⁴l
957 3467 973 3511 e
1006 3447 1102 3513 schol.
1132 3447 1215 3512 Plat.
1239 3447 1399 3528 promptae
1421 3464 1480 3522 me,

352 3565 449 3628 neque
472 3548 507 3612 ut
529 3547 569 3612 ab
590 3549 649 3614 hac
671 3567 771 3632 neque
795 3551 830 3614 ut
853 3553 892 3616 ab
911 3551 978 3629 illa,
1001 3569 1094 3633 quam
1111 3549 1239 3634 supra⁸J
1263 3549 1387 3631 protuli,
1412 3565 1482 3613 sen·

453 3858 479 3924 1)
498 3859 547 3911 llis
565 3858 661 3911 verbis
681 3858 838 3911 doctrinam
850 3857 1002 3912 Atticistae
1016 3856 1176 3910 Pausaniae
1193 3857 1304 3924 repetit,
1324 3856 1357 3910 el.
1376 3856 1429 3923 ing.
1448 3855 1482 3909 79

352 3947 394 4000 ed.
413 3945 551 3999 Schwabe
570 3958 613 4010 cp.
632 3943 759 3998 llustath.
780 3943 855 3997 1595.
874 3941 907 3996 37
936 3944 964 3997 et
985 3943 1120 4006 Wentnel,
1139 3955 1174 3996 nu
1202 3943 1255 3996 deu
1274 3941 1482 3996 atticistlschen

351 4029 473 4084 Glossen
492 4030 542 4084 des
559 4029 679 4082 Photius
697 4029 816 4082 Hermes
835 4029 877 4083 30.
897 4027 963 4084 1895
980 4043 1006 4096 p.
1022 4029 1080 4082 374.
1110 4028 1215 4082 Eadem
1234 4029 1419 4083 inveniuntur
1436 4041 1479 4094 ap.

350 4118 434 4184 Harp.
455 4132 476 4171 s.
496 4131 522 4170 v.
542 4115 713 4178 θεσμοθέται,
730 4118 789 4170 lex.
809 4114 872 4182 Sag.
891 4115 924 4169 V.
943 4116 1002 4170 264.
1023 4116 1064 4180 15,
1082 4115 1203 4186 Hesych.
1223 4131 1245 4170 s.
1264 4129 1290 4170 v,

453 4205 481 4269 2)
500 4203 542 4256 sie
555 4201 616 4269 J'am
634 4201 777 4269 stojencn
796 4203 813 4255 l.
832 4203 850 4255 l.
869 4216 896 4269 p.
918 4204 945 4252 ll
967 4203 1085 4258 censuit.

454 4291 481 4354 3)
500 4289 534 4342 cf.
554 4303 639 4355 supra
657 4303 683 4355 p.
701 4289 743 4343 59.

453 4375 481 4440 4)
500 4373 553 4428 Stil
571 4375 628 4428 und
647 4374 722 4429 Text
740 4389 766 4442 p.
785 4375 844 4428 245.

455 4461 483 4529 5)
503 4461 538 4516 oi.
557 4475 582 4528 p.
601 4463 643 4515 53.
