3396 5278
868 495 929 560 las

335 703 418 780 mile,
450 703 606 768 hominem
630 704 821 787 Byzantinus
853 702 965 766 aetatis
996 700 1132 765 elerico
1155 698 1290 780 quodam
1313 697 1352 762 ad
1375 697 1460 762 arbi·

334 808 429 870 trium
452 827 543 872 suum
566 808 641 872 haec
664 807 819 872 actionum
843 813 968 870 nomina
995 803 1134 885 elegisse.
1181 802 1262 867 Tum
1285 803 1334 866 sac
1355 803 1459 883 ipsum

334 911 489 975 delectum
514 911 669 987 habuisse,
693 911 805 974 mirum
829 910 879 988 sit,
904 927 958 972 our
980 904 1155 992 ἐπωβελίαν
1171 906 1189 988 ᾖ
1204 903 1257 981 21,
1280 923 1373 987 qnam
1391 905 1459 986 ipse

333 1033 391 1078 non
425 1013 524 1099 δίκης,
557 1013 610 1078 661
643 1011 758 1098 ζημίας
788 1014 885 1097 ὄνομα
918 1011 1012 1075 111666
1036 1009 1123 1087 dicit,
1154 1008 1328 1072 actionibus
1360 1008 1460 1072 adnu-

334 1117 499 1180 meraverit
511 1117 548 1192 11.
585 1117 618 1180 Si
634 1117 700 1198 ipse
717 1116 812 1180 libero
825 1113 941 1196 judidio
964 1113 1143 1178 thesaurum
1160 1111 1334 1193 glossarum
1350 1129 1457 1175 secun-

335 1217 408 1281 dum
437 1219 613 1283 litterarum
637 1217 777 1281 ordinem
814 1218 1019 1298 compositum
1056 1214 1267 1290 adhibuisset,
1304 1213 1459 1294 quaslibet

333 1321 410 1384 alias
442 1339 496 1402 pro
527 1321 584 1384 hac
618 1339 727 1385 causas
762 1318 941 1384 addidisset.
995 1318 1134 1399 Denique
1157 1335 1216 1380 non
1240 1318 1305 1380 tam
1330 1315 1457 1379 Suidam

333 1441 425 1504 quam
458 1425 606 1486 usitatam
638 1422 730 1486 modo
763 1422 794 1485 in
819 1421 946 1486 Suidam
979 1419 1069 1485 modo
1095 1420 1127 1483 in
1149 1419 1248 1484 lexica
1271 1417 1459 1499 Segueriana

333 1529 489 1608 receptam
521 1527 693 1590 doctrinam
725 1543 795 1589 eum
827 1527 967 1588 secutum
999 1543 1066 1588 esse
1097 1523 1242 1586 vidimus.
1296 1519 1395 1600 Quam
1419 1522 1458 1584 ob

331 1649 397 1692 rem
429 1629 536 1710 quaeri
569 1629 652 1706 licet,
686 1648 725 1692 an
757 1629 838 1692 hunc
870 1628 1008 1692 ordinem
1041 1628 1072 1691 in
1108 1627 1192 1690 fonte
1216 1644 1271 1690 suo
1293 1625 1457 1689 invenerit.

331 1731 579 1814 11661661121
598 1733 697 1809 nobb,
720 1737 756 1796 ut
777 1733 849 1816 ipse
868 1730 1038 1812 profitetur,
1062 1748 1139 1811 quae
1162 1729 1278 1792 fuerint
1299 1729 1456 1792 actionum

332 1836 456 1898 nomina
478 1835 560 1916 apud
582 1835 715 1912 Atticos,
742 1834 902 1916 exposuit,
934 1835 984 1897 cui
1015 1833 1045 1896 in
1079 1836 1166 1914 parte
1197 1832 1364 1914 posteriore
1396 1831 1459 1895 alia

332 1937 479 2001 nonnulla
511 1937 617 2013 affixit,
650 1957 728 2019 qnae
759 1939 932 2002 memoratu
964 1937 1058 2020 digna
1088 1937 1118 2000 ai
1145 1935 1339 2010 videbantur,
1372 1935 1457 1998 nullo

333 2041 415 2104 certo
449 2041 554 2105 ordine
588 2042 715 2106 intento.
773 2043 817 2106 At
846 2043 950 2106 tamen
982 2040 1031 2104 hIc
1062 2040 1231 2122 permultos
1254 2040 1457 2121 magistratus

331 2144 502 2224 percenseri
533 2145 731 2208 manifestum
764 2147 828 2210 est:
867 2143 994 2226 ἕνδεκα,
1030 2140 1200 2227 διαιτηταί,
1236 2141 1452 2227 γραμματεύς,

331 2246 605 2331 ὑπογραμματεύς,
641 2246 858 2330 άντιγραιρεῠς,
895 2246 1052 2330 ἐνλογεῖς,
1078 2245 1264 2329 πράκτορες,
1289 2242 1456 2327 κωλακρέ-

331 2370 395 2431 ται,
419 2348 678 2435 Ἑλληνοταμίαι.

434 2454 524 2518 Nunc
546 2452 775 2534 recordemur2)
799 2452 960 2517 Pollucem
983 2453 1097 2516 librum
1113 2452 1189 2516 VIII
1209 2452 1253 2516 sic
1269 2454 1455 2532 concepisse,

332 2557 366 2618 11
386 2556 523 2637 primurn
548 2556 717 2617 δικαστικά
739 2553 877 2639 ὀνόματα
899 2556 966 2619 tum
990 2555 1138 2618 πολιτικά
1160 2553 1298 2638 ὀνόματα
1321 2554 1455 2635 explica·

330 2658 386 2721 ret.
433 2659 468 2720 ln
491 2658 546 2722 illa
568 2659 656 2738 parte
689 2665 726 2735 ἐξ
751 2657 880 2720 31--64
911 2677 1005 2740 purae
1036 2659 1199 2722 verborum
1230 2657 1313 2722 idem
1336 2657 1455 2736 signifi-

330 2761 470 2825 cantium
493 2763 716 2825 enumerationi
740 2761 815 2826 satis
838 2762 958 2842 amplas
982 2761 1018 2825 de
1034 2763 1066 2826 vi
1087 2764 1119 2824 et
1141 2762 1332 2842 auctoritate,
1347 2762 1454 2843 singu-

329 2863 430 2927 larum
461 2863 618 2928 actionum
652 2865 921 2946 interpretationes
951 2864 1093 2941 inseruit,
1129 2883 1259 2946 quarum
1282 2863 1454 2928 similitudo

330 2986 400 3030 cum
432 2968 546 3031 nostris
576 2968 681 3032 laricis
712 2968 873 3032 rhetoricis
906 2969 937 3031 et
968 2968 1093 3032 scholiis
1114 2968 1298 3051 jamdudum
1330 2967 1455 3050 cognita

330 3071 378 3133 661
389 3069 424 3151 ³).
470 3069 524 3134 Sin
556 3071 659 3134 autern
690 3071 769 3134 hanc
800 3071 901 3154 operis
933 3071 1072 3135 Pollucei
1104 3074 1223 3152 partem
1254 3089 1324 3134 curn
1356 3071 1455 3153 priore
1532 3117 1536 3134 ,

328 3173 426 3237 libelli
453 3174 600 3238 Pselliani
631 3177 718 3256 parte
750 3194 973 3258 comparamus,
997 3175 1129 3239 efficitur
1153 3193 1249 3256 paene
1272 3175 1383 3252 omnia,
1422 3175 1454 3236 in

329 3297 406 3358 quae
429 3277 553 3343 Ρ661116
584 3279 628 3342 111
650 3279 855 3360 inquisiverit,
891 3281 924 3342 in
956 3280 1147 3344 onomastico
1168 3279 1305 3360 reperiri.
1350 3279 1453 3344 Etiam

329 3379 502 3466 ἐπωβελίαν
525 3382 636 3445 Pollux
667 3402 818 3447 unacum
847 3383 957 3447 ceteris
983 3383 1153 3447 multarum
1176 3383 1455 3466 elgnrficationibus

328 3489 509 3566 πρύτανεῖα,
549 3485 815 3572 παρακαταβολή,
853 3487 1047 3570 παράστασις
1078 3489 1109 3551 ln
1138 3487 1195 3552 hac
1217 3492 1305 3568 parte
1328 3506 1454 3568 percen-

328 3586 400 3650 suit.
446 3587 603 3653 Interdum
619 3589 691 3652 ordo
706 3589 790 3653 idem
806 3591 994 3670 permansit:
1030 3590 1142 3654 Pollux
1158 3593 1176 3673 §
1192 3591 1233 3652 45
1250 3611 1295 3672 sq.
1319 3590 1451 3670 εὔθυνα,

328 3689 479 3774 προβολή,
519 3691 623 3773 φάσις,
662 3689 798 3773 ἔνδειξις,
842 3693 1014 3777 ἀπαγωγὴ,
1058 3692 1214 3778 ἐφήγησις
1252 3721 1290 3748 =
1329 3691 1455 3756 Psellus

328 3793 457 3873 §bsp
493 3794 624 3879 sirbbrrp,
659 3795 761 3878 φάσις,
796 3794 931 3878 ἔνδειξις,
965 3796 1132 3882 ἐφήγησις.
1179 3797 1240 3860 Hic
1263 3797 1281 3880 ᾗ
1305 3797 1346 3859 18
1381 3813 1454 3860 con·

332 4017 589 4026 ——.——.-

432 4155 457 4213 l)
476 4151 569 4204 Voces
588 4150 722 4216 διωμοσία,
742 4151 899 4218 ἀντωμοσία,
919 4153 1071 4220 ἀμφισρκία,
1095 4155 1229 4218 ἐξωμοσία
1246 4157 1321 4211 inter
1339 4159 1454 4212 nomina

329 4238 471 4291 actionum
490 4237 650 4304 explicatas
669 4252 733 4291 esse
751 4239 846 4305 aliquo
864 4241 949 4294 modo
975 4243 1108 4296 excusari
1126 4244 1229 4309 potest.

430 4323 457 4390 2)
486 4323 730 4391 6161116166.

434 4411 461 4474 3)
491 4407 641 4462 0611111.
661 4410 764 4476 pisid.
