3396 5278
760 531 802 596 79

675 622 880 631 ——-—-——.—.

34 737 176 822 γραφαί
198 737 253 799 καὶ
276 733 318 798 δί-
347 736 425 877 'aar
448 735 532 802 δίκαι
552 738 629 814 τινὲς
973 737 1256 836 λαγχάνονταιδὲή
1285 740 1460 824 είςήγονται
1519 741 1546 805 δ’

39 862 108 904 και
143 835 320 920 κακώσεως
347 838 587 937 Ι,αἰτιονέμονται.
973 843 1048 924 πρὸς
1068 842 1164 905 αὐτὸν
1178 844 1256 961 καλή
1285 843 1319 906 ἐν
1341 845 1427 927 αὐτῷ
1450 843 1545 909 4δίκαι

41 942 189 1027 γονέων,
221 942 318 1025 ὀρφα-
347 951 349 1004 l
972 948 1092 1029 γραφαί
1114 947 1169 1008 καί
1191 945 1233 1009 δί-
1285 945 1463 1030 ἐπικλήρων
1489 949 1545 1012 καί

42 1054 134 1128 νῶν,
186 1043 317 1128 ἐπικλή-
973 1069 1032 1123 κοις
1064 1048 1106 1123 εἰς
1132 1049 1168 1110 τδ
1190 1047 1233 1111 δι-
1285 1049 1425 1132 ὀρφανῶν
1490 1053 1545 1114 καί

45 1170 109 1232 ρσυ
115 1193 315 1211 .........
973 1150 1145 1234 καστήριον
1176 1151 1233 1226 εἰς·
1286 1151 1416 1215 τοκέων.

45 1249 253 1335 ἐπιμελεῖται
284 1251 317 1313 δὲ
347 1294 349 1310 ι
671 1255 750 1328 άςτις,
818 1254 929 1337 ἐπεμε-
974 1252 1055 1336 άγει.

47 1355 198 1418 καὶτῶν
224 1353 318 1438 ὀρφα-
347 1378 348 1405 ι
671 1356 758 1420 λεῐτο
781 1364 842 1419 τῶν
868 1378 929 1442 χη-

49 1464 114 1520 νῶν
162 1458 217 1519 καὶ
257 1465 317 1520 τῶν
347 1495 348 1502 ι
671 1467 732 1543 ρῶν
769 1461 824 1522 καί
868 1467 930 1522 τῶν

53 1557 240 1644 ἐπικλήρων
264 1563 348 1638 καὶ]
670 1562 811 1645 ὀρφανῶν
875 1563 931 1625 καὶ

53 1669 119 1726 τῶν
145 1671 315 1745 γυναικῶν.
346 1643 348 1762 ί
673 1663 779 1728 ἄλλων
806 1672 907 1728 τινῶν.

1253 1195 1255 1221 Ι

1252 1224 1255 1256 ί

1252 1610 1256 1762 ι

299 1967 302 1970 .
357 1989 392 2071 c)
425 1991 454 2054 in
486 1991 592 2073 glossa
624 1989 914 2074 θεσμοθετῶν
945 1989 1184 2074 ἀνάκρισις.
1277 1971 1280 1974 ’

315 2173 459 2254 Lericon,
489 2173 571 2256 quod
602 2173 695 2257 vulgo
724 2171 978 2256 Cantabrigiense
1009 2178 1145 2253 vocatur,
1179 2194 1194 2240 a
1225 2175 1337 2258 glossis

215 2278 419 2360 compositum
442 2295 517 2356 esse,
542 2295 619 2360 qnae
641 2276 834 2358 marginibus
857 2277 972 2342 codicis
988 2276 1242 2360 Harpocrationei
1257 2277 1337 2342 Can-

214 2380 411 2464 tabrigiensis
442 2381 481 2444 ab
512 2379 575 2446 alia
605 2398 699 2446 manu
736 2379 829 2462 atquc
865 2397 919 2457 ea,
952 2397 1030 2460 quac
1060 2379 1336 2462 Harpocrationem

213 2483 382 2566 scripserit,
405 2482 529 2548 additae
552 2484 624 2562 sint,
658 2482 801 2548 omnibus
823 2484 934 2550 notum
957 2483 1014 2548 est.
1058 2482 1143 2547 Inter
1163 2482 1337 2562 fragmenta

213 2588 245 2652 in
268 2585 326 2652 hoc
347 2586 495 2669 opusculo
517 2586 639 2652 servata
662 2586 790 2652 maximi
813 2587 963 2652 momenti
986 2586 1110 2651 luerunt
1124 2584 1336 2665 Philochoroa,

215 2688 453 2770 Theophrastus,
476 2689 675 2756 Aristotelea.
729 2690 815 2756 Haeo
847 2690 1003 2773 postrema
1024 2689 1148 2772 quidem
1170 2708 1251 2755 nunc
1274 2691 1336 2756 exi-

214 2792 422 2858 stimationem
446 2794 617 2860 amiserunt
638 2793 670 2858 ct
692 2811 747 2860 nos
769 2793 893 2858 tantum
916 2793 1052 2871 monent,
1090 2794 1126 2857 ut
1148 2812 1240 2875 quarn
1263 2811 1336 2858 oau-

213 2895 333 2960 tissime
356 2895 466 2960 ceteris
488 2896 669 2979 fragmentis
691 2897 825 2974 utamur,
857 2914 931 2960 nam
954 2895 1152 2961 Aristotelem
1184 2897 1243 2961 etsi
1265 2916 1335 2978 sep·

213 2998 273 3063 ties
305 2995 421 3078 laudat,
454 2999 504 3064 vix
535 3017 596 3064 uno
626 2998 693 3064 loco
727 2998 881 3063 sincerum
912 2997 1024 3077 reddit,
1055 2998 1152 3064 immo
1174 3017 1246 3064 vero
1268 3001 1336 3064 tum

215 3101 369 3166 contrahit
387 3103 443 3186 (είς
459 3102 604 3188 δατητῶν
619 3103 735 3186 αἵρεσιν
753 3129 792 3158 =
810 3103 864 3168 Ar.
888 3101 941 3167 56.
963 3101 994 3181 6,
1018 3101 1111 3187 κυρία
1132 3102 1154 3187 ή
1178 3102 1338 3186 ἐκκλησία

218 3232 255 3260 =
277 3205 333 3270 Ar.
357 3205 408 3270 43.
424 3204 503 3290 ssa),
527 3209 595 3270 tum
617 3206 712 3289 auget
734 3203 847 3288 (ξενίας
869 3204 976 3289 γραφή
993 3233 1034 3261 =
1049 3205 1105 3270 Ar.
1128 3204 1180 3268 59.
1203 3204 1234 3282 3,
1257 3207 1336 3269 θεσ-

215 3307 359 3391 μοθετῶν
382 3307 543 3392 ἀνάκρισις
564 3335 604 3365 =
627 3308 682 3372 Ar.
705 3307 757 3372 55.
780 3307 826 3389 3),
852 3309 921 3372 tum
943 3326 1036 3389 prave
1058 3308 1214 3389 intellegit
1237 3306 1335 3390 (λογι-

216 3411 287 3474 σταί
308 3413 365 3474 καί
386 3411 553 3497 συνήγοροι
577 3438 617 3467 =
640 3412 692 3477 Ar.
716 3411 768 3474 54.
792 3409 838 3494 2).
885 3410 971 3490 Quae
994 3409 1124 3491 addidit,
1148 3412 1335 3476 tamennon

214 3532 250 3578 ea
272 3514 354 3595 sunt,
377 3517 413 3580 ut
435 3515 607 3582 doctrinam
628 3515 806 3598 posterioris
822 3513 935 3580 aetatis
950 3513 1118 3593 redoleant,
1141 3515 1173 3579 et
1186 3513 1335 3579 nonnulla

215 3616 253 3680 ab
284 3616 354 3682 aliis
386 3617 563 3684 auctoribus
595 3615 841 3700 comprobantur.
899 3616 988 3697 Quod
1019 3615 1101 3682 cadit
1131 3618 1163 3680 in
1199 3617 1335 3698 glossam

215 3717 423 3804 θεσμοθετῶν
446 3721 605 3805 ἀνάκρισις
637 3720 811 3786 cumPoll.
836 3720 922 3785 VllI.
947 3719 1167 3784 cucullatam.
1211 3718 1335 3783 Titulus

214 3821 335 3903 glossae
368 3823 578 3908 θεσμοθετῶν
609 3823 769 3908 ἀνάκρισις
800 3823 832 3888 et
864 3821 958 3888 verba
993 3822 1071 3906 ὑπὲρ
1102 3830 1159 3906 τής
1189 3819 1336 3905 πατρίδος

215 3923 294 4006 apud
325 3926 490 4008 utrumque
521 3909 676 4008 leguntur,
709 3924 792 4009 apud
813 3924 944 3990 Aristot.
970 3923 1021 3987 55.
1056 3923 1077 3986 3
1112 3923 1334 3990 desiderantur.

208 4026 258 4097 ‚At
280 4045 351 4092 cum
372 4027 430 4092 lex.
455 4026 541 4094 Cant.
565 4027 691 4094 Polluce
724 4046 815 4092 usum
846 4046 913 4092 esse
944 4026 1048 4110 glossa
1079 4027 1148 4109 ipsa
1168 4027 1334 4112 redarguat

214 4128 246 4193 et
266 4129 429 4194 Pollucem
461 4131 583 4213 saepius
615 4131 730 4197 iontem
763 4149 853 4197 suum
876 4131 985 4195 alienis
1009 4129 1227 4196 additamentis
1248 4131 1333 4194 locu-

213 4232 347 4312 pletasse
371 4252 465 4316 supra
487 4233 663 4313 viderimus,
693 4253 825 4311 summa,
859 4233 957 4314 credo,
981 4232 1163 4298 necessitate
1185 4232 1333 4316 cogimur,

214 4334 249 4398 ut
271 4333 347 4400 haec
371 4353 490 4418 quoque
508 4335 575 4419 jam
598 4337 631 4401 in
653 4335 751 4401 lexico
774 4335 830 4401 illo
853 4335 1004 4402 rhetorico
1028 4335 1085 4400 sub
1107 4334 1200 4400 titulo
1215 4335 1333 4419 θεσμο-

213 4436 318 4502 θετῶν
349 4437 509 4522 ἀνάκρισις
540 4438 704 4523 conjuncta
735 4437 830 4502 fuisse
861 4438 1062 4516 statuamus„
1078 4437 1157 4512 unde
1180 4457 1251 4504 cum
1273 4437 1332 4504 lex.
