3408 5276
886 517 907 580 6

332 727 420 792 irrita
451 725 535 791 iacta
567 728 659 790 esset.
713 723 783 806 Ipse
807 721 938 805 scriptor
960 720 1076 804 apertis
1098 718 1200 784 verbis
1224 719 1348 800 saepius
1371 735 1462 782 suum

332 833 454 914 tempus
477 829 644 912 praeterito
667 825 810 910 opposuit
830 825 868 889 ci.
884 824 938 891 45.
951 823 979 900 1,
989 825 1018 904 3,
1043 822 1095 887 49.
1106 822 1135 901 3,
1159 820 1364 901 53.1,55.1,
1380 819 1463 884 56.3

333 931 590 1018 (προτερον-νῦν).
629 929 718 996 Unde
741 929 851 1007 elucet,
887 929 1044 993 auctorem
1068 946 1129 992 non
1152 927 1217 991 sine
1236 924 1356 1008 judicic
1379 923 1463 990 fonte

333 1055 388 1102 suo
411 1055 500 1102 usum
523 1053 602 1101 esse.

350 1151 354 1158 ’
434 1137 542 1220 Neque
574 1137 738 1220 quisquam
769 1135 927 1200 dubitabit
950 1133 1192 1200 Wilamouitzio
1216 1129 1377 1209 assentiri,
1409 1128 1464 1211 qui

333 1242 442 1324 probat
464 1241 665 1308 Aristotelem
688 1242 719 1304 in
742 1240 800 1305 hac
823 1241 911 1322 parte
934 1237 1019 1322 leges
1043 1237 1198 1303 adhibitas
1221 1233 1409 1300 contraxisse
1432 1231 1464 1294 et

291 1403 292 1406 ,
333 1363 423 1426 saepe
447 1344 548 1410 taedio
571 1345 621 1410 vel
643 1345 705 1409 alia
727 1362 821 1408 causa
844 1344 1031 1408 commotum
1057 1340 1159 1405 officia
1182 1337 1375 1421 singulorum
1394 1352 1463 1398 ma·

332 1448 520 1531 gistratuum
551 1466 610 1512 non
642 1465 738 1530 usque
766 1447 806 1512 ad
828 1446 921 1510 finem
943 1446 1140 1527 persecutum
1163 1461 1240 1506 esse.
1296 1439 1384 1519 Quod
1407 1458 1463 1520 ap-

333 1551 421 1633 paret
442 1551 474 1614 in
497 1551 605 1634 primis
628 1551 726 1616 tribus
749 1551 846 1614 locis:
883 1568 949 1631 cap.
972 1547 1061 1612 luc
1094 1546 1148 1610 ubi
1174 1561 1304 1609 munera
1327 1543 1462 1618 senatus,

333 1673 410 1736 quac
432 1653 632 1720 describenda
656 1656 684 1718 ei
706 1653 873 1732 restabant,
898 1653 947 1716 his
970 1651 1072 1716 vorbis
1095 1647 1258 1729 transigit:
1294 1646 1464 1710 ουνδιοιαιῖ

333 1755 367 1818 δὲ
404 1759 459 1820 καὶ
492 1767 561 1833 ταῖς
591 1757 704 1833 ἄλλαις
738 1758 851 1842 ἀρχαῖς
883 1758 923 1820 τὰ
956 1753 1099 1838 πλεῖσθ’,
1134 1753 1175 1829 ὡς
1206 1755 1280 1827 ἔπος
1312 1747 1463 1828 εἰπεῖνῑ),

334 1878 400 1942 cap.
425 1859 511 1924 57.l
545 1860 600 1924 ubi
629 1861 731 1926 taedio
759 1862 868 1942 captus
900 1879 959 1924 non
992 1877 1097 1924 omnes
1129 1857 1289 1922 enumerat
1311 1854 1377 1917 dics
1400 1849 1464 1914 sol·

332 1962 451 2025 lemnes
482 1963 514 2026 et
544 1962 644 2040 ludos,
676 1964 787 2045 quibus
819 1963 932 2028 archon
955 1981 1007 2026 rex
1030 1979 1172 2044 praeesse
1196 1959 1295 2036 debet,
1328 1955 1383 2022 sed
1414 1953 1464 2018 his

333 2064 435 2128 verbis
457 2068 596 2146 perorat:
632 2065 673 2141 ὡς
695 2066 720 2128 δ’
745 2068 819 2141 ἔπος
842 2067 940 2130 εἰπεῖν
962 2067 1018 2141 τὰς
1040 2063 1187 2150 πατρίους
1209 2060 1324 2137 θυσίας
1352 2059 1463 2123 διοικεῖ

333 2167 423 2242 οὗτος
438 2156 588 2252 octoadi,
613 2189 679 2252 cap.
703 2170 791 2235 58.3
815 2171 868 2235 ubi
891 2169 993 2235 officia
1016 2169 1205 2252 polemarchi
1227 2165 1371 2232 similiter
1391 2180 1464 2228 con-

333 2268 412 2334 ficit:
441 2273 496 2334 καὶ
520 2272 610 2337 τᾶλλ’
635 2276 694 2337 ὅσα
718 2284 782 2350 τοῖς
805 2273 945 2350 πολίταις
968 2273 984 2336 b
1007 2275 1126 2358 ἄρχων,
1152 2280 1252 2336 ταῦτα
1275 2279 1339 2345 τοῖς
1362 2261 1464 2352 μετοί-

334 2393 400 2449 κοις
424 2373 440 2436 ὁ
462 2373 674 2462 πολέμαρχος.

436 2469 559 2554 Quibus
586 2478 619 2540 in
645 2479 735 2542 rebus
758 2479 785 2541 si
809 2479 1016 2542 Wilamouitz
1048 2476 1261 2557 acquievisset,
1296 2475 1462 2550 neminem,

333 2580 417 2658 puto,
450 2577 660 2644 adversarium
684 2579 809 2644 haberet
831 2581 873 2658 et,
906 2581 1088 2660 quicumque
1120 2579 1192 2641 huic
1216 2577 1316 2659 operis
1340 2575 1463 2638 Aristo·

333 2681 408 2746 talei
438 2684 519 2764 parti
542 2703 666 2766 operam
689 2685 845 2762 navarent,
878 2685 1010 2748 libenter
1033 2684 1198 2766 probarent
1219 2682 1263 2762 id,
1291 2679 1371 2762 quod
1395 2677 1462 2740 Wi-

334 2785 489 2850 lamouitu
511 2786 533 2850 l.
556 2787 576 2850 l.
602 2786 616 2848 I
639 2805 668 2868 p.
692 2785 754 2850 257
778 2785 871 2850 dicit:
903 2785 989 2850 Haec
1011 2805 1060 2850 res
1093 2786 1140 2849 cst
1166 2784 1281 2850 summi
1303 2779 1464 2858 momenti,

334 2892 452 2953 certum
485 2890 516 2953 et
549 2889 672 2953 firmum
703 2889 857 2954 erst'tisso
888 2890 983 2954 totius
1017 2889 1183 2953 memoriae
1206 2887 1460 2952 fundamentum:

333 2991 417 3074 leges
439 2992 535 3072 ipsas.
580 2991 772 3074 Quicumque
796 2993 947 3058 sermonis
970 2992 1208 3072 inscriptionum
1224 3009 1284 3054 non
1300 2990 1471 3070 imperitus

334 3094 390 3172 est,
421 3111 482 3158 non
514 3093 626 3159 dubius
649 3095 797 3175 haerebit,
832 3097 982 3178 quantum
1014 3094 1074 3160 sibi
1097 3093 1136 3159 ad
1158 3094 1242 3177 leges
1269 3093 1463 3158 referendum

334 3197 385 3260 sit.
438 3196 624 3262 Aristoteles
656 3199 722 3263 sine
755 3199 848 3264 dubio
871 3200 925 3265 aut
947 3199 1007 3264 sibi
1030 3198 1203 3280 exemplum
1227 3197 1355 3280 aliquod
1377 3214 1463 3260 com·

334 3319 441 3382 parare
464 3301 517 3364 aut
539 3305 710 3384 praecepta,
744 3322 821 3385 quae
844 3303 912 3368 tum
935 3303 1085 3386 vigerent,
1117 3300 1189 3364 inde
1221 3301 1327 3382 petere
1350 3299 1462 3380 potuit,

334 3403 519 3485 ubicumque
541 3405 570 3468 ei
591 3405 744 3486 placebat.
795 3405 908 3472 Omnes
932 3407 1051 3490 patroni
1076 3406 1107 3469 et
1130 3405 1266 3468 oratores
1289 3404 1329 3467 ad
1352 3419 1462 3466 causas

335 3505 540 3570 defendendas
571 3507 693 3588 legibus
725 3527 828 3575 carere
860 3529 919 3574 non
951 3509 1129 3592 potueruut.
1186 3504 1324 3584 Quarum
1356 3504 1461 3586 legum

334 3609 474 3692 exempla
496 3611 628 3676 Athenis
659 3611 759 3677 multa
788 3613 883 3678 fuisse
906 3612 1093 3678 credendum
1115 3610 1164 3674 est
1185 3609 1307 3692 praeter
1328 3606 1461 3683 tabulas,

335 3713 397 3777 aeri
419 3713 532 3777 incisas
555 3715 588 3777 et
610 3733 664 3796 per
686 3715 794 3780 urbem
818 3716 925 3780 multis
956 3715 1033 3779 locis
1064 3712 1192 3796 positas,
1226 3731 1303 3795 quac
1336 3709 1462 3794 quidem

334 3817 436 3898 partes
459 3817 581 3880 tantum
604 3819 752 3901 singulas,
776 3837 835 3883 non
859 3820 958 3883 totam
981 3818 1083 3901 legem
1107 3816 1391 3899 complecterentur.

437 3918 497 3982 Sed
516 3919 633 3999 dubito,
657 3940 731 3985 num
755 3923 824 4003 quis
846 3922 947 3986 virum
971 3920 1096 3986 doctum
1120 3920 1202 3984 ultra
1225 3920 1386 3984 secuturus
1410 3918 1459 3996 sit,

335 4020 417 4085 idem
433 4021 550 4101 dubito,
574 4041 648 4086 num
664 4025 808 4104 cuiquam
824 4025 945 4107 praeter
961 4043 993 4089 sc
1008 4025 1112 4106 ipsum
1126 4023 1323 4106 persuaserit,
1339 4021 1461 4087 Aristo·

338 4225 596 4236 -—-—-—-—-——-

439 4367 464 4424 li
484 4362 517 4418 ci.
533 4363 724 4418 Wilamowitn
743 4363 759 4416 l.
778 4363 799 4416 l:
814 4363 826 4416 l
843 4377 870 4437 p.
883 4364 942 4417 215.
965 4425 966 4428 ¹

436 4467 465 4532 2)
484 4467 518 4521 ci.
531 4466 722 4520 Wilamowitn
741 4467 760 4520 1.
779 4467 796 4521 l.
815 4467 826 4521 Ι
844 4482 869 4536 p.
883 4468 943 4522 251.
