3408 5276
767 555 807 620 13

220 764 323 828 tomas
353 761 488 827 multum
522 760 631 826 debere
663 760 854 843 eundemque
877 779 1023 844 persaepe
1046 780 1115 826 oum
1139 761 1197 826 lox.
1222 759 1291 844 Seg.
1317 761 1345 824 V

221 883 397 950 congruere,
431 863 499 930 fieri
529 864 641 946 potest,
673 863 709 928 ut
734 863 765 928 in
789 863 902 928 Photio
933 863 1070 946 pleniore
1102 863 1209 928 eadem
1239 863 1347 927 inuen-

220 971 283 1036 turi
305 969 463 1035 fuerimus.

322 1073 433 1138 Eidem
456 1072 535 1139 sonti
557 1073 679 1155 praeter
701 1071 831 1157 glossas,
863 1072 974 1156 quibus
1006 1071 1153 1138 adhaeret
1173 1091 1231 1138 vox
1255 1071 1347 1157 ῥητο-

220 1176 307 1263 ρική,
332 1177 426 1242 etiam
449 1177 526 1241 alias
547 1175 747 1242 vindieandas
770 1195 845 1254 esse,
877 1176 932 1240 ubi
955 1193 1011 1240 seu
1033 1175 1240 1254 librariorum,
1270 1193 1347 1257 quae

221 1280 270 1346 est
291 1280 444 1345 sententie
465 1279 581 1344 Nuberi
593 1279 627 1363 ¹),
657 1298 711 1344 seu
733 1279 831 1363 ipsius
854 1279 989 1344 auctoris
1012 1279 1131 1344 inouria
1152 1277 1231 1342 illud
1255 1277 1347 1362 ῥητο-

220 1382 293 1470 ρική
317 1383 466 1447 omissum
496 1385 553 1459 est,
584 1382 793 1465 unusquisque
816 1381 939 1446 Nabero
971 1381 1062 1447 faoile
1086 1379 1241 1446 oonoedet.
1287 1378 1346 1444 Sed

220 1506 258 1551 ea
277 1485 346 1568 ipsa
368 1486 480 1570 glossa,
504 1504 564 1568 qua
586 1485 663 1550 nihil
687 1505 719 1552 se
742 1504 831 1551 nosse
853 1483 990 1568 inquitl)
1012 1484 1203 1550 lueulentius
1221 1483 1260 1548 ed
1277 1501 1346 1548 sen-

221 1589 349 1655 tentiam
369 1608 475 1654 -suem
514 1588 773 1668 confirmandam,
812 1579 1033 1672 Etymolegum
1065 1587 1176 1653 Photio
1209 1587 1347 1668 pleniore

220 1711 311 1758 usum
334 1711 410 1772 esse,
432 1693 532 1774 magis
556 1691 688 1774 quadrat
710 1692 742 1756 in
765 1692 823 1756 lex.
846 1691 961 1775 Seg.V
984 1691 1135 1756 1111111.
1162 1691 1251 1756 Dem.
1268 1688 1345 1753 Pat-

220 1796 355 1880 miaoo³J
388 1795 584 1879 oonjunotum
608 1815 700 1878 quam
725 1795 757 1860 in
780 1796 937 1862 Plotium.
985 1793 1073 1874 Quod
1095 1796 1160 1876 ipse
1185 1797 1221 1860 ut
1243 1794 1345 1858 animo

220 1900 432 1984 perpenderes,
455 1900 538 1966 looos
561 1899 719 1983 adscripsi.

251 2055 362 2121 [111.
386 2056 466 2124 411.
492 2058 546 2121 11.
602 2055 963 2138 [samaraeum.
1081 2056 1220 2118 seorsus.
1345 2018 1353 2038 ‘

221 2209 386 2294 ἱεροποιοί·
423 2209 583 2295 κληρωτοὶ
602 2209 765 2294 ίεροποιοί·
806 2208 966 2294 κληρωτοὶ
985 2206 1149 2291 deponeret·
1186 2207 1346 2294 κληρωτοὶ

221 2312 369 2399 ἄρχοντές
407 2313 466 2376 εἰσι
503 2309 582 2375 δέκα
601 2315 771 2399 ἄρχοντες.
827 2313 887 2376 είσὶ
931 2313 963 2374 δὲ
983 2311 1133 2394 ἄρχοντες
1175 2309 1254 2372 δέκα
1292 2311 1345 2373 τὸν

221 2418 274 2480 τδν
303 2414 448 2500 ἀριθμόν,
482 2414 512 2478 οἳ
543 2413 583 2477 τοί
601 2414 679 2480 δέκα
722 2419 774 2480 τὸν
814 2415 961 2503 ἀριθμὸν,
982 2411 1137 2496 ἀριθμόν,
1177 2411 1208 2476 οἳ
1238 2411 1279 2474 τοί
1310 2431 1345 2474 τε

221 2541 256 2583 τε
278 2518 482 2604 μαντεύματα
505 2517 581 2603 ίερο-
601 2520 632 2584 οἳ
654 2519 694 2583 τοί
709 2541 744 2584 τε
761 2519 963 2604 μαντεύματα
983 2517 1186 2602 μαντεύματα
1224 2513 1345 2598 ίεροθε-

221 2623 363 2705 θετοῦσι,
382 2624 442 2686 κάν
458 2642 486 2684 τι
502 2621 581 2684 καλ-
602 2621 796 2707 ίεροθετοῦσι
806 2622 854 2705 ⁴),
902 2625 963 2687 κᾶν
983 2630 1069 2686 τοῦσι
1083 2641 1090 2657 ·
1103 2621 1164 2684 κᾶν
1174 2640 1219 2696 τις
1234 2615 1344 2681 καλλι-

221 2725 364 2810 λιερῆσαι
395 2724 463 2809 δὲῃ,
503 2725 581 2789 καλ·
602 2747 630 2788 τι
665 2725 873 2809 καλλιερῆσαι
896 2724 962 2810 δέῃ,
983 2721 1343 2808 ερήσῃρυγκαλλιεροῦ-
1428 2715 1438 2724 ”

220 2828 356 2912 λιεροῦσι
398 2829 478 2913 μετὰ
522 2835 582 2892 τῶν
601 2828 801 2914 καλλιεροῦσι
813 2831 893 2912 μετὰ
901 2837 963 2893 τῶν
983 2848 1013 2890 σι
1036 2835 1101 2902 τοῖς
1125 2825 1341 2911 μαντεύμασι·

222 2932 360 3018 μάντεων
392 2934 446 2996 καὶ
469 2931 583 3008 θυσίας
603 2933 754 3018 μάντεων,
779 2933 835 2996 καὶ
850 2930 964 3006 θυσίας
982 2931 1038 2993 καί
1060 2927 1174 3003 θυσίας
1190 2929 1246 3004 τὰς
1260 2947 1344 3010 νομι-

220 3038 277 3112 τὰς
296 3033 496 3122 νομιζομένας
516 3035 582 3098 ἐπι·
601 3037 657 3112 τὰς
678 3033 879 3121 νομιζομένας
900 3034 963 3098 ἐπι·
983 3032 1116 3118 ζομένας
1145 3030 1341 3098 ἐπιτελοῦσι·

220 3138 366 3222 τελοῦσι,
424 3141 480 3202 καὶ
527 3141 583 3214 τὰς
602 3137 739 3222 τελοῦσι,
757 3139 813 3202 καὶ
825 3139 880 3212 τὰς
892 3158 963 3202 πεν-
983 3138 1039 3200 καὶ
1072 3137 1127 3212 τὰς
1163 3131 1344 3219 πεντετηρί-

220 3241 463 3328 πενταετηρίδας
500 3241 581 3305 ἀσταί·
601 3241 786 3328 ταετηρίδας
839 3239 963 3316 ἁπάσας
983 3241 1038 3315 δας
1053 3238 1179 3314 ἁπάσας
1194 3238 1343 3302 διοικοῦσι

221 3367 279 3422 σας
311 3345 460 3409 διοικοῦσι
497 3345 582 3430 πλὴν
601 3345 749 3409 διοικοῦσι
761 3343 846 3428 πλὴν
856 3342 963 3408 Πανα-
982 3342 1068 3427 πλὴν
1089 3336 1340 3422 Παναθηναίων·

220 3447 455 3534 Παναθηναίων
474 3496 481 3514 .
507 3457 581 3512 ταῦ·
601 3447 753 3535 θηναίων.

221 3574 263 3617 τα
277 3553 311 3617 δὲ
326 3549 579 3638 Ἀριστοτέληςίλ

328 3812 350 3880 1)
368 3811 499 3880 Prolegg.
523 3825 549 3880 p.
569 3811 627 3864 170.

323 3897 349 3965 2)
367 3897 498 3966 Prolegg.
525 3912 550 3965 p.
571 3897 628 3950 171.

324 3988 351 4053 3)
369 3986 419 4040 ud.
438 3985 592 4039 Sakkeliou
610 3983 681 4037 Ball.
702 3983 737 4036 de
756 3995 826 4036 eorr.
845 3981 910 4034 hell.
929 3980 940 4032 1
958 3976 1092 4046 p.1-16,
1113 3975 1255 4030 137-155.
1285 3974 1345 4028 1111

217 4073 279 4142 jam
304 4072 421 4141 Boysen
447 4073 464 4125 l.
492 4072 509 4124 1.
537 4085 562 4139 p.
591 4072 621 4124 71
651 4068 901 4124 animadverterat.
953 4065 1008 4119 Sed
1031 4077 1095 4118 oum
1121 4063 1178 4116 lex.
1196 4061 1266 4114 illud
1292 4059 1345 4112 De·

221 4159 429 4214 mosthenieum
447 4157 570 4212 nondum
590 4171 606 4210 e
624 4156 748 4210 tenebris
767 4152 932 4209 monasterii
951 4149 1091 4206 Petmiaei
1107 4149 1137 4202 in
1154 4149 1247 4201 luoem
1265 4146 1345 4199 emis-

222 4259 286 4301 sum
315 4247 399 4309 esset,
427 4259 478 4312 pro
496 4243 624 4311 pleniore
642 4243 745 4296 Photio
763 4241 919 4309 pleniorem
939 4237 1133 4292 recensionem
1151 4232 1238 4287 lexioi
1257 4231 1303 4298 sg.
1322 4229 1348 4284 V

220 4332 329 4388 fontem
347 4345 411 4385 esse
428 4329 471 4384 ut.
490 4327 524 4382 M.
544 4328 652 4382 statuit.

325 4418 351 4477 4)
370 4415 436 4470 cod.
454 4415 626 4482 ίερυθυτοῦσι.

324 4503 351 4566 ὁ)
371 4501 436 4569 Cep.
454 4499 496 4556 dl.
515 4501 540 4563 ύ,
551 4501 574 4552 7.
