3396 5278
772 528 830 592 121.

238 757 305 802 cem
328 737 451 802 Psellus
476 738 507 819 (ἓ
531 736 586 819 31)
611 735 817 818 diligentiora,
842 752 935 815 quam
958 752 1036 815 quae
1058 733 1149 797 homo
1171 733 1361 816 Byzantinus

239 842 349 907 aetatis
365 841 442 906 seire
457 843 572 923 posset,
595 841 635 902 de
650 841 763 922 trittyis
781 840 952 916 maritimis,
971 836 1218 916 mediterraneis,
1237 839 1361 902 urbanis

240 965 257 1008 a
280 943 441 1008 Olisthene
464 945 636 1026 dispertitis
659 943 773 1017 namet,
806 941 917 1007 Suidas
940 940 1141 1004 Aristotelem
1172 940 1285 1005 testem
1307 940 1362 1004 ad-

240 1048 374 1112 notavit:
398 1047 528 1131 Τριττός
549 1047 592 1129 gl.
619 1047 655 1109 l:
678 1045 782 1129 φυλῆς
806 1043 895 1129 μέρος
912 1043 1025 1128 τρίτον.
1043 1047 1125 1128 αὕτη
1141 1046 1202 1127 γὰρ
1217 1043 1363 1128 διῄρηται

236 1151 280 1226 είς
302 1149 370 1234 τρία
394 1150 484 1235 μέρη,
510 1158 636 1234 τριττῦς
653 1152 708 1213 καὶ
730 1149 812 1233 ἔθνη
835 1150 891 1212 καί
906 1147 1067 1232 φρατρίας,
1092 1147 1143 1223 ὡς
1166 1147 1363 1230 Ἀριστο·

238 1251 367 1338 τέλης
390 1252 506 1338 φησί.
543 1253 726 1317 Aristoteles
749 1271 768 1316 n
791 1251 886 1316 Suide
908 1252 989 1314 inter
1012 1250 1132 1333 glossas
1155 1267 1227 1314 oum
1249 1249 1363 1314 Peelli·

237 1358 305 1422 anis
328 1375 505 1422 communes
529 1376 588 1422 non
610 1357 755 1422 laudatur
777 1355 837 1420 nisi
861 1358 921 1420 hoe
945 1375 1006 1418 uno
1031 1357 1113 1418 loeo.
1157 1353 1268 1418 Nonne
1287 1353 1364 1417 haec

237 1461 341 1525 omnia
364 1480 419 1526 nos
443 1479 565 1526 summa
587 1479 658 1525 oum
681 1461 712 1524 ni
736 1461 861 1543 cogunt,
895 1465 928 1522 ut
950 1459 1146 1522 Michaelem'
1162 1459 1300 1522 Psellum
1323 1460 1371 1521 si:

238 1565 311 1626 mile
332 1583 414 1646 opus
438 1557 596 1628 evoluisse
620 1565 723 1646 ibique
746 1564 785 1626 ad
810 1566 891 1627 huno
907 1567 1068 1626 auetorem
1087 1562 1266 1643 detepatum
1291 1580 1364 1624 esse

237 1671 429 1746 statuemus3
453 1687 512 1750 qua
537 1686 571 1730 re
596 1670 750 1750 impulsus
774 1669 882 1732 neseio
906 1667 988 1729 unde
1021 1667 1157 1730 libellum
1183 1667 1363 1748 philosophi
1403 1713 1408 1720 .

237 1769 296 1832 sibi
319 1771 481 1852 anquieivit
504 1775 535 1833 et
558 1789 599 1834 ex
623 1773 693 1852 ipso
717 1770 898 1850 Aristotele,
924 1788 1003 1852 quse
1027 1771 1054 1832 ei
1078 1787 1160 1851 opus
1183 1786 1257 1831 esse
1280 1768 1364 1830 virle·

240 1871 357 1946 bantur,
383 1877 539 1938 mutuatus
562 1873 637 1936 esti

341 1974 449 2038 Simile
475 1974 587 2038 Suidae
610 1993 686 2056 opus
710 1975 861 2056 magistro
885 1973 1227 2055 Constantinopolitano
1242 1971 1364 2054 praesto

237 2076 335 2142 luisse
358 2078 430 2153 dixi,
455 2097 513 2142 non
537 2080 640 2162 ipsum
666 2079 803 2143 suidam.
849 2080 934 2158 Quae
958 2097 1069 2142 causae
1093 2097 1152 2153 me,
1175 2079 1211 2141 ut
1233 2079 1298 2142 tam
1320 2076 1362 2140 ti·

239 2181 321 2244 mide
344 2185 550 2264 argumentor,
575 2182 808 2258 commoverint,
830 2182 938 2246 statim
970 2183 1135 2264 proteram.
1179 2181 1259 2245 Sunt
1279 2181 1361 2244 enim

239 2284 298 2348 looi
321 2285 470 2361 nonnulli,
494 2285 549 2350 ubi
571 2286 694 2350 Psellus
717 2286 868 2350 similiora
889 2286 987 2350 lexico
1010 2285 1196 2368 Segueriuno
1220 2285 1248 2345 V
1271 2301 1361 2364 pree·

238 2388 309 2453 beat
331 2408 425 2470 quem
449 2389 572 2470 Snidae,
597 2390 634 2454 de
666 2390 735 2454 aliis
767 2389 970 2472 paragraphis
1002 2408 1050 2453 res
1081 2389 1112 2452 in
1145 2387 1238 2450 dubio
1270 2387 1360 2450 relin-

237 2491 357 2572 quenda
380 2493 438 2557 est.
1044 2482 1046 2495 ’

253 2661 346 2724 Μίοίι.
373 2665 464 2728 Pseil.
488 2665 507 2745 t
529 2667 587 2730 45.
616 2666 703 2730 Suid.
726 2665 974 2750 eutropium
1004 2667 1079 2732 lex.
1094 2667 1169 2747 Sep.
1194 2666 1229 2730 v.
1247 2665 1313 2728 313.
1330 2665 1361 2727 3.

236 2813 286 2879 Τὰ
308 2815 342 2878 δὲ
365 2817 528 2902 ὑποφόνια,
556 2821 594 2882 ἵν’
615 2823 670 2884 καί
693 2821 744 2883 ἐπὶ
767 2829 811 2904 τῷ
832 2820 915 2905 φόνῳ
931 2822 974 2884 δι·
1002 2819 1154 2903 ὑποφόνια
1167 2821 1207 2882 τὰ
1218 2817 1362 2904 διδόμενα

236 2920 334 2994 οὕτως
378 2922 474 3004 εἴπω,
521 2925 594 3007 τιμὴ
615 2925 730 3009 δόμενα
745 2923 897 3008 χρήματα
910 2933 975 2999 τοῖς
1297 2931 1362 2997 τοῖς

237 3021 368 3106 αἵματός
391 3025 477 3088 εἰσιν.
514 3025 595 3090 Ἐδί-
615 3026 739 3102 οἰκείοις
772 3035 827 3089 τοῦ
853 3028 974 3110 ἀναιρε-
1002 3025 1126 3100 οἰκείοις
1163 3033 1217 3088 τοῦ
1258 3024 1362 3112 βιαίως

237 3124 308 3188 δοτο
345 3128 406 3210 γὰρ
444 3138 508 3204 τοῖς
541 3138 595 3192 τοῦ
614 3130 737 3213 θέντος,
763 3131 823 3193 ὑπὸ
846 3140 900 3193 τοῦ
917 3133 974 3214 τὴν
1003 3129 1253 3214 τελευτήσαντος
1301 3129 1361 3192 ὑπό

237 3229 492 3316 ἀπεκτονημὲνου
516 3232 596 3317 κλη-
614 3235 717 3298 αἰτίαν
752 3236 891 3319 ἔχοντος,
927 3235 974 3296 ότι
1002 3243 1056 3298 τοῦ
1080 3233 1195 3317 φονέως

193 3405 197 3411 ¹
237 3331 375 3417 ρονόμοις
406 3335 596 3419 ἢάνταναι-
615 3338 790 3423 ἀνῄρηκεν,
836 3339 886 3400 ίνα
931 3340 974 3421 μή

235 3445 301 3516 ρεῖν
323 3441 376 3500 τόν
399 3439 596 3503 ἀπεκτονότα
615 3440 777 3518 ἐπεξίωσιν
800 3441 851 3504 ἐπὶ
870 3448 914 3524 τῷ
930 3442 973 3524 μὴ
1174 3438 1226 3501 ἐπὶ
1249 3445 1293 3521 τῷ
1317 3439 1360 3521 μὴ

237 3541 258 3624 ἢ
283 3539 404 3626 τίμημα
429 3542 597 3627 λαμβάνειν
616 3543 860 3628 ἐπεξέρχεσθαι,
894 3544 974 3629 μηδὲ
1003 3541 1191 3626 ἐξὲρχεσόαι
1225 3544 1283 3625 τὴν
1306 3549 1361 3604 τοῦ

236 3652 293 3706 τοῦ
315 3651 422 3728 φόνου.
472 3646 522 3711 Τὰ
544 3647 598 3708 οίιν
616 3647 768 3730 γενέσθαι
816 3649 874 3731 τὴν
919 3657 973 3710 τοῦ
1003 3644 1097 3727 φόνου
1121 3643 1224 3730 δίκην.

239 3746 315 3834 ὑπὲρ
346 3757 401 3810 τοῦ
434 3750 528 3832 φόνου
555 3749 597 3812 δι·
618 3749 711 3834 φόνου
750 3749 853 3835 δίκην,
900 3751 975 3812 ὑπο-

238 3847 353 3935 δόρενα
405 3854 490 3936 παρὰ
543 3861 598 3915 τοῦ
618 3855 708 3937 φόνια
731 3853 890 3917 καλεῖται.
924 3857 975 3916 οὕ-

237 3953 449 4031 ἀιτεκτονότος
482 3954 598 4038 ὑποφό-
618 3979 677 4033 τως
715 3957 882 4042 Δείναρχος
921 3959 976 4020 καὶ

237 4078 287 4120 νια
313 4059 510 4143 ὀνομάζεται.
618 4057 830 4145 Θεόφραστος.

339 4231 407 4296 Hoo
428 4232 496 4296 loeo
519 4233 683 4307 nescimus,
707 4233 769 4296 utri
793 4252 825 4296 se
848 4233 1003 4314 applicare
1029 4232 1185 4308 maluerit,
1209 4231 1361 4296 Suideene

235 4355 274 4398 an
298 4335 394 4399 lexico
417 4336 569 4400 rhetorico
593 4336 791 4418 Segueriano.
837 4337 945 4399 Altero
969 4339 1072 4398 entem
1087 4335 1154 4399 loeo
1170 4335 1228 4399 hoc
1244 4335 1360 4398 lexicon

235 4439 337 4521 magis
361 4439 494 4520 quadrat
516 4439 552 4503 ad
579 4440 671 4503 rerba
695 4438 859 4502 Pselliana.
