3408 5276
877 537 918 601 36

333 741 419 806 idem
442 739 597 804 docuisse:
632 741 680 805 esi
702 739 798 804 schol.
822 739 933 804 Aesch.
958 742 1010 806 lII.
1034 741 1064 818 9,
1098 742 1188 824 quale
1212 741 1244 806 in
1267 741 1333 806 cod.
1357 742 1384 805 B
1408 761 1459 806 er·

334 844 406 922 siai,
431 843 484 926 qui
507 842 582 907 olim
598 843 655 907 lid.
672 843 821 908 Bernarcli
843 843 911 922 lcii,
936 863 1016 909 nuno
1038 845 1070 909 in
1086 845 1275 911 bibliotheca
1290 844 1460 928 Bodleiano

334 946 444 1012 Osonii
467 948 615 1011 servatur.
661 946 785 1012 Scholia
806 947 899 1027 illa¹)
922 947 1074 1013 levissimi
1096 951 1169 1014 sunt
1192 949 1357 1025 momenii3
1381 967 1458 1013 non-

333 1050 420 1115 nulla
451 1069 467 1114 e
501 1049 637 1127 Polluce,
669 1049 775 1128 Suide,
808 1050 933 1116 scholiis
965 1052 1260 1132 Demostheniois²l,
1293 1052 1393 1117 mulia
1423 1071 1459 1116 ex
1509 1126 1512 1134 ‚

332 1153 575 1234 Harpocratione
607 1153 646 1218 ab
671 1153 807 1235 Josepho
831 1153 986 1238 scaligero
1018 1155 1174 1238 adscripta
1205 1174 1271 1220 esse
1303 1155 1456 1219 dicuntur.

332 1255 369 1320 cf.
403 1255 498 1320 schol.
532 1256 643 1321 Aesch.
675 1257 699 1322 l.
733 1256 771 1320 18
803 1283 844 1314 --
876 1257 973 1340 Harp.
1006 1256 1212 1344 ληξιαρχικὸν
1242 1267 1458 1344 γραμματεῖον

331 1357 356 1422 l.
380 1357 422 1420 59
446 1385 486 1414 =
513 1358 611 1440 Harp.
634 1358 721 1444 φιμοί
744 1359 850 1426 addita
872 1379 946 1426 voco
973 1361 1180 1446 ἀστράγαλοι,
1214 1363 1346 1444 quaein
1369 1361 1456 1426 libris

330 1462 548 1544 manuscriptis
581 1462 848 1546 Harpocrationeis
880 1465 1073 1546 postulatur,
1107 1465 1161 1530 sed
1192 1465 1288 1530 deesl.
1347 1466 1368 1530 l.
1395 1461 1456 1529 163

330 1591 370 1620 =
394 1564 492 1646 Harp.
517 1566 590 1648 epit.
614 1565 782 1652 ἐπωβελία.
831 1567 872 1631 ΙΙ.
898 1566 960 1630 124
978 1568 1130 1649 :Harp
1154 1567 1294 1632 Λοιδίαν.
1334 1569 1374 1633 ll.
1393 1567 1456 1632 126

330 1692 369 1722 =
380 1667 479 1748 Harp.
492 1665 763 1754 διαμεμετρημένῃ
774 1667 888 1754 ἡμέρα.
915 1670 968 1734 ΙΙΙ.
982 1666 1043 1732 122
1055 1667 1202 1754 =¹Harp.
1216 1670 1454 1756 ἐπιδιετὲςὴβῆ·
1540 1659 1543 1662 ’

330 1788 393 1831 σαι.
441 1767 473 1832 si
497 1769 565 1849 quis
590 1769 741 1835 scholium
763 1770 843 1834 illud
866 1789 936 1835 cum
958 1771 1061 1836 verbis
1077 1772 1347 1854 Harpocrationeis
1371 1791 1455 1838 oom-

328 1869 473 1950 posueril,
499 1870 705 1952 confitebitur,
736 1874 851 1956 opinor,
876 1879 984 1940 noslrc
1008 1893 1133 1958 quoquc
1158 1878 1229 1941 loco
1254 1878 1334 1941 hunc
1357 1877 1454 1942 ruisse

328 1974 408 2036 illius
430 1973 559 2038 fontem.

328 2162 425 2242 llarp.
451 2157 744 2236 εὐθύναι.Λυσίας
766 2161 799 2225 ἐν
822 2169 866 2244 τῷ
912 2163 1022 2228 Schol.
1057 2163 1174 2230 Αοεοίι.
1211 2167 1259 2232 ΙΙΙ.
1294 2169 1327 2232 9.
1367 2166 1452 2250 λογι-

326 2264 412 2326 aaa&
434 2261 576 2344 Νικίδου,
608 2263 635 2325 εἰ
656 2261 782 2348 νήσιος.
818 2265 866 2327 εύ-
912 2284 984 2346 οταν
1015 2283 1049 2346 δὲ
1083 2285 1179 2369 ὄνομα
1211 2287 1325 2371 ἀρχῆς,
1373 2285 1452 2350 δέκα

325 2366 430 2452 θύίη·
447 2413 468 2430 ··
485 2413 515 2429 ··
538 2366 636 2450 ὄνομα
669 2366 772 2452 ἀρχῆς
794 2365 867 2451 παρ’
911 2401 945 2463 δὲ
979 2404 1033 2466 τδν
1059 2403 1193 2488 ἀριθμὸν
1217 2405 1323 2490 ἄνδρες
1354 2409 1449 2492 ἦσαν,

324 2467 526 2554 Ἀθηναίοις.
546 2468 625 2530 δέκα
647 2468 681 2531 δὲ
704 2471 757 2533 τὸν
779 2471 866 2553 ἀριθ-

325 2573 381 2654 μὸν
403 2573 486 2654 ἠσαν
509 2570 627 2653 ἄνδρες,
652 2569 725 2653 παρ’
740 2573 785 2646 οίς
804 2572 864 2635 ἐδί-

324 2671 420 2736 δοσαν
447 2671 475 2736 σί
497 2671 744 2758 πρεσβεύσαντες
766 2675 787 2758 ἡ
812 2676 864 2758 ἄρ-

317 2755 430 2854 ’ξαντες
452 2775 473 2860 ἢ
497 2773 713 2860 διοικήσαντές
743 2797 772 2838 τι
803 2784 865 2842 τῶν
910 2761 1013 2846 ἀρχὴν
1045 2759 1191 2846 ἄρξαίῒῑς
1223 2763 1365 2829 ἐδίδοσαν
1395 2767 1449 2842 τὰς

323 2877 479 2964 δημοσίων
510 2879 566 2954 τὰς
598 2878 733 2954 εὐθύνας
758 2927 765 2942 .
792 2879 864 2942 διεί-
909 2881 1057 2957 εὐθύνας.

323 2981 436 3044 λεκται
467 2984 537 3065 περὶ
562 2982 665 3045 αὐτῶν
686 2979 863 3064 Ἀριστοτέ-

322 3083 381 3168 lag
404 3083 436 3148 ἐν
452 3093 490 3168 τῇ
508 3082 691 3170 Ἀθηναίων
710 3085 862 3170 πολιτείᾳ.

910 2519 982 2602 παρ’
999 2521 1044 2596 οίς
1066 2521 1094 2584 οἱ
1110 2523 1358 2608 πρεσβεύσαντες
1373 2527 1394 2609 ἠ
1419 2547 1447 2588 τι

910 2639 1059 2724 δημόσιον
1088 2641 1304 2727 διοικήσαντες
1336 2645 1450 2729 ἤτινα

424 3270 493 3336 Sive
517 3270 665 3352 Scaliger,
698 3272 763 3337 sive
790 3273 869 3338 alius
902 3273 970 3356 quis
1002 3273 1070 3354 fuit,
1105 3275 1158 3357 qui
1190 3275 1267 3341 haec
1294 3277 1387 3342 verba
1409 3279 1448 3342 ad

320 3373 492 3456 marginem
516 3373 629 3438 codicis
652 3375 678 3437 B
702 3374 875 3458 adscripsit,
909 3368 984 3460 l'epil
1007 3382 1095 3441 cerie
1120 3380 1147 3441 in
1179 3397 1237 3442 suo
1270 3380 1348 3444 libro
1373 3381 1447 3444 llar-

320 3478 523 3556 pocrationeo
549 3479 731 3560 lepistarum
756 3481 817 3542 hoc
841 3479 979 3544 cilicium
1003 3481 1113 3545 fuisse.
1169 3479 1258 3560 Quod
1286 3481 1366 3546 siin
1390 3483 1447 3548 hoc

317 3577 396 3644 libro
419 3598 480 3644 non
503 3579 651 3662 scriplum
675 3581 743 3660 icil,
776 3582 955 3664 intellegere
980 3601 1041 3646 noa
1064 3601 1201 3666 possum,
1233 3585 1369 3666 primum
1392 3605 1445 3650 our

318 3701 377 3746 non
416 3683 547 3748 alteram
585 3684 720 3766 glossam
747 3685 1045 3766 Harpocrationeam
1084 3705 1108 3750 s.
1140 3706 1169 3752 ν.
1206 3685 1352 3771 λογισταί
1386 3688 1446 3754 sibi

319 3785 446 3867 elegerit
469 3786 508 3850 ed
530 3805 637 3852 vocem
660 3786 806 3871 λογισταί
828 3788 1051 3871 explicandam,
1074 3791 1142 3854 ium
1166 3790 1246 3856 unde
1263 3792 1446 3873 cognoverit

315 3883 447 3969 legistas
470 3889 605 3952 rationes
630 3890 790 3972 recepisse,
814 3909 874 3955 non
898 3891 1060 3974 euihynos.

317 4112 573 4121 ——m—

364 4223 368 4238 ⁸
422 4263 448 4330 ι)
467 4263 508 4316 ee.
528 4263 607 4316 rere.
627 4263 763 4317 scherem
781 4278 807 4330 p.
825 4263 970 4318 aee-eso.

418 4364 566 4432 apericus
594 4367 679 4420 eiiam
705 4367 792 4420 schol.
811 4367 1018 4434 Aristophanea
1047 4369 1175 4424 addenda
1201 4372 1268 4425 sunt
1296 4373 1329 4426 cf.
1352 4373 1440 4427 schol.

315 4451 415 4506 Aesoh.
434 4451 479 4505 lll.
502 4451 549 4506 197
568 4475 600 4498 =
620 4453 706 4507 schol.
725 4453 770 4506 Ar.
790 4453 857 4508 Ach.
876 4455 935 4508 693.
