3396 5278
874 541 917 608 92

335 743 478 811 disiunxit
509 747 564 813 aul
593 745 660 829 jeur
692 747 876 815 distractum
908 766 980 814 cnm
1011 748 1121 816 alienis
1153 746 1277 814 aliunde
1309 750 1460 833 promptu

331 849 423 914 rebus
457 851 646 935 permiscuil
680 853 740 918 elsi
771 852 958 932 dubitanter,
982 853 1104 936 opinari
1125 870 1187 918 non
1210 851 1304 918 nimis
1326 853 1460 920 lennem-

331 952 413 1017 rium
436 953 494 1018 esi.
539 951 622 1033 Quot
646 953 728 1018 euim
751 973 861 1020 manus
884 956 915 1021 et
937 955 1057 1021 menies
1080 955 1151 1039 posi
1173 953 1353 1020 ausoniis
1376 973 1461 1020 mer·

331 1055 395 1119 lem
417 1071 515 1139 usque
538 1057 578 1121 ad
602 1057 736 1122 aculem
759 1057 898 1125 Pollucis
914 1057 1233 1140 Harpocrationisque
1255 1058 1348 1139 alque
1370 1075 1459 1141 porro

331 1175 426 1240 usque
449 1157 488 1223 ad
511 1159 651 1242 tempora
672 1158 789 1239 Pisoni,
815 1159 874 1225 lex.
899 1159 1000 1238 Dan,
1024 1160 1083 1225 lex.
1108 1158 1189 1245 Sep,
1214 1155 1336 1238 Snidaa
1361 1159 1402 1225 al.
1426 1160 1459 1224 iu

331 1259 388 1327 lac
410 1261 592 1344 ampulendi
614 1280 708 1346 opera
730 1262 949 1342 laboraverint,
972 1264 1164 1350 ignoramus.

433 1413 493 1484 Sed
515 1435 553 1484 ue
575 1417 761 1485 seutentiam
785 1437 888 1484 meam
910 1419 1011 1504 magis
1034 1417 1230 1502 proposuisse
1252 1435 1345 1500 quam
1365 1435 1458 1500 argu·

222 1501 224 1520 '
330 1519 442 1585 meulis
465 1520 573 1587 solidis
597 1521 770 1588 defendisse
792 1521 906 1600 ridear.
939 1522 1140 1607 gravissimos
1163 1521 1329 1605 scriptores
1350 1520 1457 1604 plenos

330 1620 467 1706 affigam,
498 1627 532 1690 al
565 1623 602 1690 de
634 1625 765 1709 singulis
797 1625 920 1709 glossis,
954 1643 1025 1692 oum
1056 1623 1180 1710 longius
1202 1643 1300 1708 neque
1322 1623 1458 1689 multum

330 1742 400 1788 ere
424 1724 475 1804 sil,
508 1745 569 1806 eos,
592 1727 645 1810 qni
668 1727 968 1812 disputatiunculam
1000 1745 1101 1794 meam
1124 1745 1221 1810 usque
1244 1725 1284 1791 ad
1305 1723 1388 1791 hunc
1408 1724 1458 1790 lo·

330 1846 400 1892 cum
422 1828 620 1914 perlegerint,
645 1829 684 1896 ad
706 1829 790 1896 locos
812 1830 897 1914 ipsos
920 1831 1010 1897 modo
1023 1819 1155 1897 'nolanos
1178 1829 1315 1896 reiciam.

226 2077 356 2145 Aristeu.
378 2074 481 2140 48.2.
509 2071 582 2134 [ιιι.
607 2071 681 2154 Sep.
705 2071 740 2136 v.
783 2071 891 2137 solsol.
915 2073 993 2140 Plnl.
1030 2073 1284 2155 Phoceunpo·
1305 2071 1433 2138 Maxim.
1474 2072 1562 2136 Plau.

529 2157 595 2222 291.
620 2159 643 2221 4
666 2183 707 2214 ==
763 2158 1017 2241 iepp.llll.9530
1069 2157 1176 2222 τανεία
1200 2185 1241 2218 =
1325 2159 1434 2224 Seirai.
1459 2159 1536 2221 ller-
1687 2159 1688 2166 ’

495 2241 541 2308 tt.
557 2243 602 2308 Μ.
618 2244 1016 2328 oecumenicam)
1030 2243 1116 2310 Suld.
1149 2263 1176 2311 s.
1204 2263 1232 2310 e.
1256 2264 1282 2310 ν.
1304 2241 1562 2396 dowdoealz.

494 2396 685 2482 (πρυτάνεις)
698 2396 924 2482 μέ-ιιρυτοὶνεις
958 2399 1017 2462 εἰσὶ

228 2503 326 2590 βουλὴ
350 2500 384 2564 δὲ
403 2501 482 2587 αλη-
493 2521 544 2583 ρος
560 2521 589 2564 τι
604 2509 662 2584 τῆς
681 2499 750 2586 βου·
763 2499 852 2584 μέρος
889 2523 918 2565 τι
955 2511 1018 2566 τῶν

229 2615 335 2690 ροῠται
347 2604 420 2682 500,
441 2604 483 2668 50
494 2601 553 2685 λῆς
584 2610 647 2665 τῶν
676 2600 833 2679 500,500‚
867 2606 902 2666 τὸ
925 2603 1017 2668 δέκα·

228 2705 482 2791 ἀπὸφυλῆςὲιιά-
494 2706 529 2768 τὸ
543 2703 690 2787 δέκατον,
709 2705 826 2788 5οτον,
843 2705 1015 2790 occense,

227 2831 317 2894 στης,
341 2809 419 2873 καθ’
436 2806 750 2892 ὅτιᾶνδρεςάιτὸμιοϊς
823 2892 827 2900 ι

227 2915 265 2978 ἂν
287 2911 441 2997 λάχωσιν,
493 2909 608 2995 φυλῆς,
634 2908 662 2974 οἱ
678 2909 750 2973 διοι-
893 2909 922 2974 οἱ
944 2910 1016 2976 διοι-

493 3021 621 3088 κοῦντες
651 3015 889 3091 auco-uecors<
917 3015 1016 3079 ἅπαν·

493 3137 533 3180 τοι
555 3118 596 3179 τὰ
616 3117 675 3180 ὑπὸ
692 3125 750 3202 τῆς
760 3138 800 3180 τα
823 3121 863 3182 τὰ
883 3118 1017 3203 ὑπὸτῆς

492 3219 608 3306 βουλῆς
652 3241 748 3303 ποατ·
760 3219 875 3306 βουλῆς
918 3239 1016 3306 πρατ-

492 3321 608 3408 τόμενα
630 3321 875 3408 τροτά·τ6μενα

493 3445 552 3500 νεις
574 3424 748 3490 ἐκαλοῦντο

492 3526 748 3612 καὶέπρυτάνευ·
844 3532 900 3592 καὶ
923 3529 1015 3613 ἐπρο-

401 3673 403 3678 1
491 3652 525 3695 ον
557 3633 642 3696 κατὰ
671 3630 889 3716 πρυ-τάνενον
930 3633 1016 3696 κατὰ

492 3733 616 3798 τανείαν
633 3733 946 3818 ἔνδιοι-πρυτανείαν
976 3734 1015 3798 ἐκ

491 3837 590 3923 δοχῆς
646 3833 920 3922 ἀλλον-διαδοχῆς.

491 3939 559 4016 λαις
591 3939 623 4003 αἱ
650 3941 748 4024 φυλαὶ

490 4041 541 4105 διὰ
556 4041 673 4106 τούτων
686 4051 747 4107 τῶν

490 4145 620 4229 ἀνδρῶν,
637 4144 747 4230 κλήρῳ

491 4246 666 4332 λαχόντων.
693 4250 747 4311 καὶ

491 4360 583 4414 τοῦτο
593 4350 746 4415 ἐκαλεῖτο

490 4454 703 4538 πρυτανεύειν.
