3396 5278
331 721 445 807 pagiua
467 721 576 807 papyri
591 720 792 788 londinensis
807 719 956 791 XXXIII.
977 739 1006 785 v.
1025 719 1132 786 3--15
1154 719 1267 788 misere
1290 718 1459 788 dilacerata

331 824 453 892 restitui
474 826 589 906 posset.
685 883 689 890 .

466 987 468 994 v
523 1033 560 1114 b)
598 1035 627 1096 in
650 1034 757 1116 plasea
781 1029 1089 1116 τετρυπημένη
1112 1029 1262 1114 ψῆφος.

433 1183 542 1267 Neque
564 1183 656 1250 aliter
677 1201 726 1248 res
748 1201 782 1248 se
804 1181 900 1248 babet
921 1183 953 1247 in
977 1182 1081 1265 glossa
1104 1181 1322 1270 τετρυπημένη
1339 1183 1455 1270 ψῆφος.

331 1285 426 1370 Harp.
439 1286 465 1372 ¹)
483 1306 508 1352 s.
524 1306 553 1352 v.
571 1283 790 1374 τετρυπημένη
807 1282 913 1370 ψῆφος
927 1286 1031 1370 ipsum
1047 1285 1247 1350 Aristotelem
1263 1305 1292 1370 p.
1308 1285 1457 1351 XXXVI.

331 1389 380 1458 27.
404 1389 555 1470 adhibuIt
587 1390 667 1457 unde
700 1387 786 1457 Suid.
817 1409 842 1455 s.
866 1388 974 1455 eadem
998 1408 1026 1454 v.
1051 1390 1082 1454 ct
1104 1387 1155 1454 nt.
1178 1387 1257 1454 Vlor.
1283 1393 1330 1454 ad.
1353 1390 1459 1456 Miller

331 1493 404 1560 mdl.
427 1493 464 1559 de
486 1494 519 1560 la
539 1495 603 1560 litt.
625 1513 671 1578 gr.
703 1514 733 1578 p.
758 1491 832 1559 280.
857 1493 898 1558 18
921 1511 977 1558 sua
999 1492 1124 1558 habent.
1170 1491 1236 1573 Quo
1260 1492 1344 1558 fonte
1375 1493 1458 1558 Poll.

332 1595 417 1664 VIII.
442 1595 514 1678 123,
546 1597 605 1666 lex.
639 1597 709 1684 ch.
734 1599 770 1663 V.
802 1596 877 1664 307.
911 1595 960 1676 18,
995 1595 1085 1662 Phot.
1120 1616 1143 1664 s.
1176 1617 1219 1690 v..
1237 1597 1457 1683 τετρυπημένη

332 1698 437 1788 ψῆφος
460 1701 567 1768 eadem
594 1702 687 1786 atque
709 1701 984 1786 Harpocrationem
1008 1700 1128 1766 ratione
1161 1699 1232 1766 usos
1262 1719 1337 1780 essa,
1371 1720 1459 1784 pror-

332 1824 385 1871 sus
406 1807 582 1890 negandum
607 1807 663 1871 eet.
708 1806 825 1870 Tamen
836 1803 959 1884 Pollux,
982 1805 1040 1869 lex.
1066 1803 1138 1888 seg.
1155 1805 1204 1884 V.‚
1227 1803 1356 1871 Pbotius
1378 1806 1461 1871 inter

333 1928 399 1974 sese
422 1908 659 1976 similitudinem
681 1909 835 1994 quandam
858 1929 925 1975 asse
948 1927 1009 1972 non
1032 1908 1142 1973 celant.

517 2135 541 2215 i)
578 2135 608 2198 io
632 2136 748 2218 plureis
772 2133 984 2210 καδίσκος
1007 2139 1038 2199 et
1061 2134 1281 2220 ἀμφορεῖς.

435 2286 594 2352 Interdum
618 2287 693 2352 artis
726 2288 907 2354 vocabulum
940 2288 978 2352 ad
1002 2287 1139 2368 supellex
1160 2287 1310 2371 judiciale
1338 2287 1459 2372 signifi·

334 2391 465 2456 candum
496 2389 536 2454 ab
568 2390 736 2457 Aristotele
767 2409 827 2454 non
860 2392 1135 2455 commemoratum
1167 2391 1223 2466 cst,
1257 2392 1338 2472 quod
1363 2391 1459 2455 detri-

333 2498 473 2556 mentum
496 2492 609 2585 auxilio
630 2493 664 2556 in
691 2492 801 2574 primis
833 2493 989 2558 oratorum
1021 2495 1051 2557 et
1083 2493 1270 2565 comicorum
1293 2493 1457 2557 atticorum

334 2594 600 2676 compensabatur.
658 2592 708 2658 SIc
731 2613 836 2672 urnae,
869 2593 901 2658 in
924 2579 999 2676 quas
1023 2595 1168 2677 suliiagia
1186 2593 1328 2676 judicum
1350 2594 1460 2659 inicie-

331 2683 455 2776 bantur,
492 2697 532 2763 ab
568 2696 812 2780 Harpocratione
843 2717 868 2764 s.
900 2718 929 2763 ν.
962 2696 1112 2773 καδίσκος
1136 2725 1175 2756 =
1207 2695 1293 2764 Snid.
1316 2716 1341 2762 s.
1364 2718 1393 2762 ν.
1418 2726 1458 2755 =

332 2801 439 2868 nonar.
471 2819 501 2882 p.
527 2800 619 2879 1141,
651 2799 730 2867 Poll.
753 2799 839 2866 VIII.
873 2800 913 2866 17
945 2801 984 2868 cl.
1007 2801 1050 2867 ib.
1074 2802 1092 2885 §
1118 2799 1189 2883 123,
1214 2801 1347 2886 Hespcb.
1371 2821 1395 2867 s.
1418 2820 1458 2881 κ,

334 2905 430 2970 schol.
453 2903 508 2970 Ar.
531 2903 591 2970 Av.
618 2902 709 2982 1032,
736 2903 833 2970 schol.
855 2905 908 2970 Ar.
934 2903 1026 2988 Vesp.
1051 2903 1125 2983 321,
1148 2905 1205 2970 Iex.
1231 2905 1299 2988 Sag.
1324 2905 1362 2969 V.
1386 2904 1460 2970 275.

334 3009 376 3072 28
400 3033 438 3062 =
461 3007 512 3071 Ilt.
534 3006 579 3072 M.
603 3005 676 3072 482.
699 3009 741 3074 55
764 3008 975 3091 explanantur,
1011 3009 1136 3074 nomiue
1159 3007 1310 3086 καδίσκος
1332 3027 1368 3074 ex
1391 3026 1460 3074 ora·

333 3110 452 3175 toribus
483 3128 509 3176 e.
530 3127 578 3193 gr.
601 3109 723 3195 [Dum]
748 3111 799 3178 59.
821 3111 874 3190 90,
898 3112 969 3198 Lys.
997 3111 1046 3179 13.
1069 3112 1122 3191 37,
1146 3112 1187 3177 al.
1210 3112 1343 3196 cognito.
1388 3111 1460 3176 Ari-

335 3211 460 3278 stoteles
483 3233 513 3296 p.
536 3213 702 3280 XXXVII.
725 3216 834 3286 {trem
857 3214 1031 3298 descripsit,
1069 3233 1180 3284 nomon
1212 3215 1326 3282 omisit.
1371 3214 1460 3283 Idem

334 3317 418 3383 cadit
450 3318 481 3384 in
514 3335 617 3386 croam
648 3318 748 3396 illam,
785 3339 879 3384 urnae
911 3319 1100 3404 Impositum,
1138 3339 1194 3401 per
1224 3337 1317 3403 quam
1348 3317 1461 3386 poledi

334 3420 591 3486 immittebantur.
635 3421 729 3503 Apud
752 3422 955 3490 Aristotelem
986 3441 1016 3503 p.
1040 3420 1202 3488 XXXVII.
1226 3421 1248 3486 8
1270 3439 1380 3488 nornen
1405 3420 1460 3484 do-

336 3522 497 3602 sideratuu
521 3523 581 3591 etei
602 3524 763 3596 vasculum
786 3526 890 3607 ipsum
906 3524 1144 3608 diligentissIma
1160 3523 1355 3602 describitur,
1378 3521 1460 3604 apud

334 3625 565 3710 lexloographos
592 3645 628 3692 ex
649 3628 867 3710 Aristophanis
889 3627 983 3711 Vosp.
1007 3627 1071 3692 754
1094 3627 1272 3709 suppletum
1296 3627 1353 3706 est,
1385 3643 1461 3708 quo·

335 3727 426 3797 modo
456 3729 514 3796 boc
544 3731 785 3796 instrumentum
813 3731 960 3814 judiciale
994 3733 1185 3798 nominatum
1207 3731 1259 3798 sit.
1303 3731 1348 3796 At
1369 3745 1461 3814 prac-

334 3833 475 3913 terquam
507 3832 589 3914 quod
621 3833 706 3914 ipsae
737 3834 858 3916 glossae
890 3834 1035 3912 clamant,
1075 3852 1107 3900 se
1139 3833 1179 3899 ad
1214 3832 1332 3898 fontem
1365 3849 1461 3898 unrrm

335 3933 442 4012 redire,
466 3934 524 4000 hoc
545 3935 613 4000 loco
635 3935 723 4001 nobis
746 3936 923 4002 etiamnunc
946 3936 1100 4018 pleniores
1124 3937 1184 4002 duo
1207 3936 1268 4001 loci
1287 3934 1461 4018 supersunt,

335 4035 465 4119 quinos
488 4034 627 4116 edocent,
661 4037 814 4120 quomodo
838 4038 900 4104 lere
922 4038 1002 4104 illud
1024 4039 1142 4106 lexicon
1165 4039 1352 4104 rhetoricum
1376 4055 1461 4102 com-

336 4137 471 4220 positum
493 4137 603 4222 lueritp
636 4139 746 4206 Pollux
771 4139 854 4206 VIII.
879 4140 941 4206 123
965 4142 995 4206 et
1018 4141 1112 4208 schol.
1136 4142 1191 4208 Ar.
1216 4141 1295 4224 Equ.
1321 4139 1413 4204 1151.

440 4453 465 4517 1)
484 4450 518 4505 ol.
536 4450 847 4516 Wilamowitz-Kaibel
872 4451 914 4506 ed.
933 4451 969 4506 ad
986 4452 1012 4505 b.
1031 4452 1049 4504 1.
1123 4488 1130 4500 .
