3408 5276
902 504 944 568 12

357 711 602 777 observationem
626 711 818 776 verissimam
834 729 911 776 esse.
948 710 1065 792 itaque,
1084 727 1272 792 quamquam
1286 707 1420 774 maxime
1435 725 1486 772 me

356 814 451 892 delet,
484 813 672 897 Boysenium
695 814 823 880 erimine
846 813 1059 897 neglegentiae
1082 811 1241 878 absolvere
1264 829 1324 878 nen
1347 829 1484 893 possum.

357 918 423 981 Aut
445 917 527 981 enim
549 917 632 982 locos
656 936 674 982 a
697 917 813 982 Meiere
836 935 940 999 opusc.
965 913 1074 980 11115
1098 934 1144 998 sq.
1167 914 1312 980 collentes
1346 914 1429 998 (nam
1452 915 1485 978 in

357 1022 460 1084 1111111.
483 1019 547 1084 306
570 1021 710 1086 nostrum
734 1021 912 1086 1111111111
930 1020 1089 1103 omiserat)
1112 1037 1173 1084 uun
1197 1037 1302 1084 omnes
1318 1017 1486 1102 perlustra-

356 1123 411 1201 vit,
443 1123 502 1188 etsi
523 1123 581 1188 hou
604 1124 689 1202 dicit,
722 1125 777 1188 aut
806 1123 963 1201 temerius,
999 1140 1093 1206 quam
1116 1141 1172 1206 par
1195 1123 1271 1201 erat,
1305 1121 1407 1187 elfieiu
1429 1139 1484 1186 sue

357 1227 479 1290 functus
511 1227 567 1290 est.
623 1225 704 1290 Nam
738 1225 838 1290 tribus
875 1225 987 1310 glossis
1025 1224 1204 1308 Etymnlngi
1240 1223 1362 1308 Magni,
1401 1222 1485 1288 Phu-

356 1327 401 1405 tii,
425 1327 677 1409 Harpocratiouis
700 1328 762 1392 alis
786 1347 856 1393 11111
880 1328 943 1394 alia
966 1327 1157 1409 compositis,
1175 1326 1242 1411 jum
1265 1326 1399 1392 eluuebit
1416 1325 1484 1390 luen

357 1429 479 1509 elarius,
512 1430 593 1496 unde
625 1431 828 1514 Etymolngns
851 1431 985 1513 Magnus
1008 1430 1143 1513 plurima
1165 1429 1353 1513 sumpserint
1385 1447 1445 1494 nun
1467 1445 1484 1493 1

357 1531 477 1611 Plotio,
510 1533 565 1598 sed
588 1553 623 1598 ex
645 1534 900 1616 Harpocratione.
948 1533 1052 1612 Illum,
1077 1533 1294 1616 patriercham,
1327 1530 1367 1596 ud
1389 1550 1484 1596 unum

355 1635 484 1700 verbum
516 1636 757 1722 ἀναβάλλεσθαι
790 1637 996 1720 supplendum
1030 1637 1182 1704 adhibuit.
1241 1636 1391 1702 Attamen
1430 1633 1484 1700 lini

355 1739 477 1820 glossae
499 1739 578 1805 illud
601 1739 753 1826 ῥητορική
779 1741 954 1822 adscripsit.

398 1965 497 2047 Ηαπρ.
523 1961 678 2046 Ερ1111111.
770 1965 817 2031 Ε1.
843 1966 885 2031 M.
908 1967 987 2031 784.
1007 1967 1067 2030 40.
1240 1965 1377 2029 Plautiae.

354 2115 529 2202 ὑπωμοσία·
566 2119 601 2181 τὸ
624 2119 715 2204 ὑπερ·
734 2119 909 2206 ὑπωμοσία·
944 2122 979 2184 τὸ
1004 2120 1095 2204 ὑπερ·
1123 2115 1298 2205 ὑπωμοσ1α·
1337 2119 1373 2181 τὸ
1410 2117 1483 2180 άνα·

355 2219 505 2285 τίθεσθαι
528 2219 619 2307 δίκην
642 2243 714 2306 προ·
735 2223 886 2289 τίθεσθαι
918 2222 1010 2308 δίκην
1041 2225 1097 2288 καὶ
1123 2221 1302 2309 βάλλεσθαι
1315 2218 1406 2308 δίκην
1416 2219 1484 2284 τινὰ

354 2324 446 2408 φάσει
461 2323 622 2410 χρώμενον
638 2327 714 2390 ἀπο·
735 2328 974 2416 ἀναβάλλεσθαι
1022 2347 1095 2411 προ·
1123 2327 1144 2410 ἠ
1168 2347 1197 2390 τι
1228 2323 1308 2388 ἄλλο
1331 2321 1484 2407 προφάσει

354 2427 451 2513 δημίᾳ
501 2429 522 2513 ἢ
569 2428 648 2513 νόσῳ
692 2431 827 2514 dudae
843 2431 1004 2516 χρώμενον
1019 2429 1095 2492 άπο-
1123 2429 1180 2490 τινὶ
1217 2425 1378 2511 χρώμενον
1409 2425 1483 2510 μεθ’

354 2551 411 2592 τινι
448 2539 510 2593 τῶν
546 2531 714 2615 παραπλη-
733 2531 830 2618 δημίορ
878 2534 899 2616 ἢ
950 2529 1030 2614 νόσῳ
1074 2529 1229 2612 ῆὸρκου.

354 2631 428 2695 σίων
452 2631 524 2716 μεθ’
546 2633 641 2716 ὅρκου
664 2636 714 2696 οὔ·
734 2655 791 2696 τινι
828 2642 890 2697 τῶν
927 2631 1096 2718 παραπλη-

354 2755 414 2810 τως
445 2733 574 2819 ἐλέγετο
602 2737 656 2800 καὶ
679 2739 714 2799 τὸ
735 2735 808 2800 σίων
824 2737 897 2822 μεθ’
915 2738 1022 2820 ὅρκου,
1043 2738 1096 2798 οὔ·

354 2847 453 2904 ποιεῖν
468 2847 559 2902 τοῦτο
580 2838 714 2925 ὑπάρνυ-
734 2861 794 2916 τως
817 2838 946 2924 ἐλέγετο
962 2861 969 2876 ·
983 2841 1039 2902 καὶ
1060 2840 1096 2902 τὸ

354 2941 444 3004 σθαι.
734 2953 834 3008 ποιεῖν
853 2951 944 3006 τοῦτο
960 2941 1095 3028 nudum·

735 3045 825 3110 σθαι·
852 3045 1016 3132 ῥητορικήν.

459 3249 505 3315 De
529 3251 598 3317 aliis
621 3252 778 3336 exemplis,
803 3271 881 3336 quae
902 3251 1052 3338 γλώσσας
1074 3251 1242 3339 ῥητορικάς
1266 3271 1332 3318 1111
1356 3250 1394 3316 ab
1417 3249 1484 3332 ipsu

355 3354 479 3420 austere
511 3355 714 3435 contenditur,
747 3375 808 3422 nnn
837 3357 902 3422 tum
927 3359 1031 3442 aperte
1051 3357 1192 3442 judicare
1214 3373 1386 3440 possumus,
1412 3353 1484 3435 quia

356 3455 461 3520 Photii
483 3457 577 3522 codex
608 3459 716 3524 uniuus
741 3457 906 3539 deleamus,
940 3459 1020 3524 unde
1055 3459 1148 3524 ueteri
1178 3458 1251 3523 libri
1282 3454 1484 3538 manuscripti

355 3559 527 3640 fluxerunt,
560 3561 723 3628 mutilatus
755 3562 872 3629 exstat:
911 3582 955 3627 ex.
988 3582 1032 3646 gr.
1066 3560 1138 3634 265.
1171 3559 1214 3626 30
1251 3557 1406 3646 deuteros
1444 3584 1481 3614 =

356 3664 414 3729 lex.
449 3663 519 3748 Seg.
542 3663 569 3728 V
593 3664 830 3743 234.15,’111
862 3666 1065 3749 Etymologus
1104 3663 1268 3742 contrahit,
1304 3661 1482 3739 commutat

357 3785 457 3850 nugas
480 3767 576 3832 addit.
600 3767 674 3832 331.
690 3767 731 3830 42
754 3766 1003 3854 Ἑλληνοταμίαι
1029 3794 1068 3826 --
1092 3767 1165 3834 Lex.
1189 3767 1260 3850 Sag.
1285 3766 1309 3830 V
1333 3763 1407 3829 248.
1430 3761 1481 3840 29,

358 3869 459 3933 verbis
483 3869 558 3934 item
582 3870 795 3936 commutatis.
819 3869 893 3936 354.
916 3871 959 3934 32
982 3870 1165 3955 ἐπενεγκεῖν
1188 3867 1297 3953 δόρυῑ)
1323 3897 1361 3924 =
1385 3868 1482 3950 Harp.

357 3972 500 4054 Epitome
523 3993 547 4038 s.
570 3993 600 4038 v.
644 3972 725 4037 Nam
749 3992 819 4040 eum
839 3974 959 4039 constet
974 3973 1123 4040 Photium
1139 3972 1392 4056 Harpocrationis
1411 3971 1482 4055 lipi-

357 4195 616 4204 --—-.—-—-—-

462 4363 486 4429 1)
514 4361 1014 4433 011111111111111111111118
1039 4365 1069 4420 in
1096 4365 1255 4434 fragmento
1280 4366 1403 4422 lstrlunu
1431 4378 1481 4434 pre

356 4447 515 4516 σημαίνοντα
533 4448 618 4504 habet
639 4449 760 4518 σημᾶναι.
