3396 5278
789 553 850 618 133

257 758 463 840 compositum
486 759 582 824 fuisse
605 759 733 842 conjeci,
763 760 856 826 rebus
879 780 897 826 a
919 759 1024 826 Psello
1047 760 1198 825 enarratis
1220 759 1383 842 praecipue

259 879 383 944 operam
406 861 510 926 datam
525 873 601 928 'esse
623 864 752 946 apparet
777 865 810 930 et
830 863 942 948 glossis
965 862 1234 945 Harpocrationeis
1256 879 1384 946 respon·

260 964 414 1044 dentibus,
438 984 518 1048 quae
534 967 648 1049 ubique
663 966 726 1031 fere
741 969 887 1048 oratores,
910 967 1007 1033 semel
1023 967 1061 1052 (s.
1077 985 1106 1050 u.
1122 963 1385 1050 Ἐλληνοταμίαι)

258 1067 470 1152 Thucydidem
492 1070 603 1134 testam
627 1070 766 1147 afferunt,
792 1069 1018 1153 comprobatur.
1131 1065 1133 1072 ’

360 1171 459 1236 Fonte
490 1172 583 1237 nimis
615 1173 821 1240 contrahendo
855 1173 947 1240 facile
969 1172 1036 1238 fieri
1062 1171 1175 1256 potuit,
1206 1171 1242 1236 ut
1272 1188 1384 1236 nomen

257 1273 446 1351 Aristotelis,
469 1274 524 1357 qui
545 1294 564 1338 a
587 1274 751 1356 Pamphilo
774 1275 957 1357 saepissime
979 1275 1061 1340 ceute
1083 1273 1309 1352 landatus‘est
1332 1291 1384 1338 ex·

260 1378 346 1456 cepto
368 1395 429 1441 uno
459 1375 527 1444 loco
556 1396 678 1462 semper
700 1377 908 1444 intercideret
954 1376 1039 1458 Quae
1062 1377 1240 1462 conjectura
1261 1377 1288 1442 si
1310 1393 1384 1442 uera

258 1477 307 1554 sit
341 1476 474 1542 fortasse
506 1478 545 1544 ad
577 1481 792 1562 explicandum
815 1481 887 1546 usui
909 1480 978 1560 erit,
1009 1499 1064 1546 cur
1086 1479 1198 1546 Suidas
1223 1478 1317 1544 toties
1350 1477 1382 1544 in

256 1579 365 1661 primis
387 1580 420 1648 in
442 1583 617 1647 nominibus
640 1603 803 1650 camanum
826 1585 990 1652 atticarum
1013 1601 1074 1648 non
1106 1601 1165 1648 una
1196 1581 1382 1664 interpreta-

257 1683 340 1748 tione
362 1688 524 1751 contentns
547 1688 648 1765 luerit
675 1688 729 1753 sod
751 1689 931 1772 plerumque
955 1687 1033 1754 duas
1054 1687 1158 1752 tresve
1180 1686 1382 1770 conjunxerit

258 1786 405 1854 Conscius
428 1791 565 1872 profecto
588 1792 666 1858 mihi
689 1811 768 1870 suun,
800 1811 878 1875 quae
899 1809 972 1857 mox
993 1791 1118 1874 protuli¹
1144 1809 1193 1856 me
1224 1808 1283 1854 uon
1317 1789 1381 1854 tam

257 1893 507 1971 argumentatum
531 1914 624 1977 quam
648 1895 832 1962 arbitratum
864 1914 932 1962 osso
962 1913 1061 1978 neque
1084 1894 1258 1977 opinionem
1281 1911 1384 1958 meam

257 2010 311 2073 pro
334 1995 417 2059 corto
448 1995 632 2062 documento
663 1998 795 2064 vendere
826 1999 906 2064 volo.
960 1997 1046 2078 Quae
1078 2013 1188 2062 verane
1219 1995 1314 2062 inerit
1343 2014 1383 2060 an

256 2095 424 2164 falsatum
447 2100 570 2165 demum
594 2102 822 2186 dijudicabitur,
857 2120 938 2178 cum,
970 2101 1080 2167 latiore
1102 2099 1305 2166 fundamento
1327 2117 1383 2182 po-

258 2199 327 2278 sito,
362 2202 442 2268 unde
475 2205 590 2286 posteri
614 2206 777 2271 scientiam
800 2205 837 2269 de
859 2204 950 2270 rebus
968 2203 1173 2290 judicialibus
1196 2204 1228 2268 ct
1250 2203 1387 2286 publicis

257 2303 361 2369 atticis
392 2309 463 2388 post
492 2308 693 2374 Aristotelem
726 2308 829 2390 adepti
862 2309 942 2387 sint,
977 2307 1221 2389 cognoverimus.
1282 2306 1383 2387 Quem

257 2409 467 2489 quaestionem
489 2430 570 2477 nnnc
592 2432 651 2478 non
673 2415 810 2497 tangam.

359 2516 415 2591 ‚At
445 2514 519 2597 quid
550 2515 590 2581 ad
621 2535 676 2580 nos
707 2516 929 2598 Pamphilost*
959 2515 1079 2599 inquies
1101 2514 1186 2598 ‚qnid
1208 2514 1383 2580 Vestinus?

258 2613 334 2680 Cum
359 2615 497 2696 Polluce,
524 2617 634 2697 Pacilo,
665 2618 770 2697 Saldo,
804 2618 911 2684 lexicis
935 2617 1132 2704 Seguericnis
1154 2617 1243 2682 nobis
1266 2635 1315 2682 res
1337 2616 1384 2682 est

257 2721 289 2784 et
311 2737 381 2784 cum
404 2721 532 2802 ratione,
556 2741 634 2805 quae
655 2723 740 2788 inter
761 2723 818 2788 hos
839 2722 1027 2788 intercedit‘
1071 2721 1166 2788 Recte
1188 2723 1223 2786 tu
1239 2719 1382 2804 quidem3

258 2820 311 2888 sed
333 2824 361 2888 si
383 2824 507 2892 Psellus
530 2826 668 2892 ordinem
699 2845 803 2891 rernm
824 2827 857 2891 in
879 2827 1013 2903 anctore,
1046 2843 1137 2908 quem
1168 2827 1294 2890 secutus
1325 2823 1382 2901 est,

255 2927 320 3010 jam
343 2928 470 3008 invenit,
503 2927 665 2995 Pollucem
695 2947 816 3012 quoquo
839 2929 1090 2995 distributionem
1124 2930 1156 2993 in
1180 2928 1256 2994 duas
1279 2928 1382 3010 partes

257 3047 317 3094 non
339 3030 443 3112 ipsum
466 3033 655 3113 excogitasse
677 3033 742 3097 veri
767 3033 902 3097 similius
924 3031 970 3096 ht.

359 3135 450 3200 Nunc
480 3137 666 3202 sententiam
689 3136 854 3221 Stojentini
874 3135 925 3201 vel
956 3135 1060 3218 potius
1084 3133 1122 3200 V.
1146 3134 1227 3200 Rosa
1248 3151 1344 3215 supra
1354 3132 1380 3216 1)

258 3255 294 3300 ex
315 3239 403 3318 parte
425 3239 581 3320 repulsam
602 3241 819 3304 retractemus.
855 3239 924 3304 disi
942 3238 1115 3320 StoJentino
1132 3235 1292 3304 Pollucem
1314 3237 1381 3319 epi·

256 3341 359 3405 tomen
384 3341 542 3424 Pamphili
562 3341 724 3408 aVestino
745 3342 918 3408 confectam
940 3341 1118 3408 adhibuisse
1141 3339 1307 3406 concedere
1323 3357 1380 3404 non

128 3535 133 3540 Ι
256 3461 392 3525 possum.
424 3447 529 3510 tamen
561 3445 708 3528 Roseo²)‚
742 3446 879 3510 censenti
910 3444 1110 3528 Pamphilum
1140 3445 1243 3526 ipsum
1265 3443 1383 3508 fontem

257 3547 450 3613 Onomastici
472 3550 569 3614 nostri
591 3549 696 3626 luisse,
720 3568 773 3614 cur
787 3550 940 3626 resistam,
964 3547 1044 3612 nibil
1064 3548 1172 3614 babeo.
1212 3547 1383 3629 Fragmen-

257 3653 324 3716 tum
359 3653 516 3736 Pamphili
552 3655 591 3718 ab
625 3652 784 3718 Athenaeo
822 3653 879 3718 Xl.
916 3649 1037 3734 496⁰)
1074 3651 1230 3716 servatum
1267 3648 1381 3714 collato

260 3843 509 3852 ——.-.-——--...-

362 3977 389 4042 1)
415 3993 441 4045 p.
459 3979 502 4032 ol.

255 4107 258 4112 .
358 4067 388 4126 2)
415 4064 584 4139 Aristoteles
603 4065 872 4132 pseudepigrapbns.
908 4063 982 4131 bips.
1002 4062 1077 4117 1sse.
1096 4077 1123 4130 p.
1141 4061 1202 4116 426.

361 4148 389 4218 3)
416 4150 621 4217 Argumentum
641 4165 658 4204 a
675 4151 705 4204 F.
724 4150 892 4218 Rudolphio‚
921 4149 966 4204 die
985 4148 1104 4213 Queden
1125 4147 1183 4202 und
1201 4147 1246 4202 dle
1264 4146 1384 4200 Schrift-

257 4235 383 4290 stellerei
401 4237 451 4291 des
469 4237 631 4292 Athenaeus
649 4239 679 4290 in
697 4237 836 4304 Pbilolog.
855 4237 951 4305 Suppl.
978 4234 1029 4289 Bd.
1050 4234 1097 4288 Vl.
1116 4248 1142 4302 p.
1162 4235 1213 4290 136
1230 4233 1296 4287 iude
1313 4233 1383 4301 peti·

256 4321 327 4384 tum,
344 4323 419 4389 qnod
437 4323 603 4378 Athenaeus
621 4323 800 4391 Pamphilum
821 4335 976 4390 numquam
993 4321 1084 4389 primo
1103 4322 1153 4376 aut
1171 4321 1301 4376 extremm
1319 4319 1383 4374 loco

256 4408 359 4464 testem
373 4409 508 4474 attulerit,
527 4409 598 4464 mibi
609 4409 724 4478 quidem
735 4409 888 4477 persuasit,
906 4408 982 4464 bunc
993 4421 1051 4462 non
1063 4405 1248 4474 principalem
1260 4403 1384 4460 Naucra-
1482 4479 1484 4484 Ι

257 4493 328 4548 titas
346 4494 454 4549 fontem
471 4495 568 4550 fuisse.
