3396 5278
860 526 922 591 120

326 731 446 820 βιιυκὼς
485 736 598 817 ἄριστα
634 733 690 796 καὶ
733 731 839 818 πάσης
935 731 1197 817 ὑπειλημμένους,
1228 733 1291 796 ἀπὸ
1314 743 1370 796 τοῦ
1392 732 1451 817 λη-

326 835 426 912 αἰτέας
448 835 705 921 ἀπηλλαγμένος,
739 836 840 920 νόμων
936 833 1101 920 ξιαρχικοῦ
1132 834 1347 919 γραμματείου
1371 835 1451 920 κλη-

327 963 361 1007 τε
384 939 519 1025 εἰδήμιυν
541 941 596 1018 καὶ
611 939 770 1014 καθιστὰς
785 939 841 1013 τὰς
937 937 1115 1020 ριὐοαντες,
1149 940 1190 1000 τὰ
1222 948 1283 1002 τῶν
1315 938 1452 1002 πολιτῶν

326 1045 447 1128 γραφὰς
471 1043 513 1118 εἰς
535 1043 570 1104 τὸ
594 1040 704 1126 μέτρον
727 1045 782 1104 καὶ
805 1044 840 1106 τὸ
937 1042 1059 1105 διαιτᾶν
1081 1039 1216 1105 ἐποίουν.

327 1145 400 1211 ὅλον
416 1143 623 1230 εἰρηνοδῖκης)
648 1153 712 1239 τοῖς
735 1145 841 1219 αὐτοῖς

327 1245 514 1325 διαιτοῠντες
549 1248 605 1322 τὰς
636 1246 708 1310 κατ’
739 1245 840 1331 ἀλλή-

327 1351 390 1416 λων
427 1350 560 1436 γραφάς.
630 1349 683 1434 Τῷ
723 1349 757 1413 δὲ
796 1351 839 1435 μή
886 1349 889 1430 Ι
935 1348 1031 1428 ξένοις
1068 1349 1174 1434 μέντοι
1206 1370 1245 1433 γε
1278 1351 1329 1414 ἐπὶ
1360 1359 1452 1413 τοῦτο

327 1453 500 1540 αὐτόχθονι
519 1455 579 1516 οὐκ
594 1453 701 1536 ἐφεῖτο
720 1453 840 1529 εἰςιὲναι
934 1452 1044 1516 ἐλθεῖν
1067 1453 1103 1516 οὐ
1127 1453 1370 1539 συγκεχώρητο.
1402 1454 1449 1532 ἐξ·

327 1559 412 1640 παρὰ
456 1560 509 1620 τὸν
559 1557 723 1640 διαιτητὴν
767 1557 840 1620 οὔτε
935 1577 1002 1619 εστι
1018 1556 1052 1618 δὲ
1069 1565 1133 1632 τοῖς
1150 1557 1358 1642 μεμφομένοις
1375 1557 1451 1622 δίαι-

327 1659 481 1741 διὼκοντι,
507 1661 579 1723 οὔτε
602 1658 758 1742 φεύγοντι.
935 1678 993 1722 ταν
1016 1658 1232 1723 ἐκκαλεῖσθαι
1251 1662 1288 1723 τὸ
1303 1660 1453 1747 δημόσιον

935 1761 1149 1845 δικαστήριον.

430 1917 613 1998 Peregrinos
630 1915 792 1980 arbitrium
809 1916 951 2000 flagitare
974 1917 1088 1981 vetitos
1104 1935 1170 1982 esso
1187 1920 1309 2000 praetor
1325 1917 1452 1985 Suidam

327 2025 359 2086 et
372 2021 511 2085 Pontium
528 2037 617 2084 nomo
632 2038 779 2101 umquam
796 2019 910 2084 docuit.
956 2019 1100 2084 Aetatem
1114 2020 1154 2084 ad
1168 2041 1281 2086 munus
1299 2021 1452 2087 dioototae

328 2123 519 2189 subeundum
544 2123 748 2186 necessariam
772 2142 830 2187 non
855 2123 1079 2206 quinquaginta
1101 2127 1154 2188 sed
1171 2127 1333 2207 sexaginta
1357 2144 1454 2191 anno·

328 2247 397 2291 rum
420 2226 515 2291 fuisse
538 2227 607 2308 quis
630 2227 689 2306 ost,
713 2226 766 2308 qui
787 2227 934 2310 ignoret?
957 2226 1024 2290 Hoo
1048 2225 1234 2292 Aristotelen
1257 2229 1309 2293 53.
1332 2228 1352 2291 4
1376 2229 1454 2294 dixit

328 2332 359 2395 ot
381 2331 412 2409 ii,
447 2330 500 2411 qui
532 2331 635 2412 aliquo
667 2329 758 2394 modo
789 2330 820 2394 in
854 2329 1022 2394 Aristotele
1054 2330 1212 2407 nituntur,
1245 2332 1452 2413 repetierunt:

324 2433 408 2499 Poll.
432 2434 518 2498 VIII.
544 2431 615 2508 126,
638 2433 696 2497 lor.
720 2432 788 2516 Sog.
813 2433 851 2496 V.
883 2431 957 2497 235.
989 2432 1040 2506 20.
1073 2433 1131 2497 lex.
1164 2434 1253 2499 Dom.
1286 2455 1316 2518 p.
1342 2435 1391 2498 13.
1415 2433 1453 2498 ad

323 2539 346 2618 ᾗ
370 2536 422 2610 27,
460 2536 556 2600 schol.
580 2535 661 2600 Plot.
685 2536 767 2618 legg.
790 2535 935 2599 x1.920
958 2536 985 2599 D
1010 2537 1151 2618 (Dribnor
1175 2537 1205 2600 ΙΙ
1237 2557 1266 2619 p.
1291 2537 1364 2610 466,
1387 2539 1453 2622 31).

327 2640 486 2704 Diaototas
510 2642 792 2721 quinquagenarios
816 2639 910 2703 fuisso
933 2638 1056 2703 Psollus
1079 2658 1095 2704 o
1119 2640 1214 2704 Snido
1236 2642 1358 2706 tantum
1381 2659 1453 2723 oog·

324 2761 451 2807 noscero
474 2743 586 2824 potuit.
631 2742 658 2805 Ε
679 2743 784 2825 glossa
806 2742 923 2823 pusilla
953 2743 1011 2808 lox.
1035 2743 1105 2825 Sog.
1131 2744 1184 2808 tv.
1210 2744 1283 2810 186.
1308 2746 1336 2810 1.
1361 2745 1454 2829 (ὑπὲρ
1479 2745 1485 2756 ’

323 2848 368 2909 τὰ
390 2846 591 2930 πεντήκοντα
613 2845 671 2929 ἐτη
690 2846 774 2930 ἦσαν
789 2844 905 2930 κριταί)
927 2847 1025 2912 totam
1042 2848 1247 2913 narrationem
1264 2848 1454 2913 Psellianam

325 2951 467 3015 derivare
490 2970 549 3015 non
577 2950 684 3015 audeo.

404 3101 497 3169 Miotr.
524 3106 617 3168 ΡεοΙΙ.
642 3104 660 3185 §
684 3107 717 3166 41
731 3102 767 3186 ¹).
887 3103 890 3240 Ι
982 3103 1069 3167 snio.
1092 3123 1117 3167 o.
1141 3123 1169 3166 ν.
1193 3101 1403 3186 τετραδισταῖ.

328 3258 530 3342 τετραδιοτὰς
544 3259 582 3322 δὲ
597 3255 767 3343 Ἀθηναῖοί
782 3279 840 3340 φα·
936 3257 964 3320 οἱ
987 3257 1131 3322 ἐπίπονον
1154 3257 1218 3344 βίον
1240 3257 1411 3341 διάγοντες.

329 3384 376 3426 σιν
407 3365 453 3438 οἷς
484 3362 585 3446 ἐλαχε
608 3361 670 3448 βίος
697 3360 841 3436 ἐπίπονος

328 3469 384 3529 καὶ
416 3464 625 3547 ταλαίπωρος,
667 3463 840 3549 σκληρότε-

328 3591 380 3652 ρον
424 3569 477 3652 ἀφ’
514 3566 709 3651 Ἡρακλέους
745 3570 843 3643 οὕτως
888 3569 890 3598 '
1023 3568 1086 3630 ἀπὸ
1109 3576 1164 3630 τοῦ
1188 3565 1395 3651 Ἡρακλέους,

329 3673 440 3749 αὐτοὺς
462 3671 677 3756 ὀνομάζοντες.
724 3670 842 3754 Τετάρ-
1024 3671 1056 3746 ὃς
1066 3670 1189 3753 τετράδι
1199 3670 1364 3756 γεννηθεὶς
1376 3669 1453 3733 πολ·

328 3796 385 3860 της
407 3778 468 3860 γὰρ
491 3785 546 3838 τοῦ
572 3777 666 3860 μηνὸς
686 3778 775 3849 οὗτος
789 3795 842 3859 γε·
939 3773 1012 3848 λοὺς
1034 3772 1146 3848 πόνους
1169 3773 1262 3858 ἐτλη.

327 3879 503 3963 γεννήοθαι
527 3877 700 3963 ἱστόρηται.

433 4032 575 4112 Exceptis
598 4031 634 4113 ἓξ
657 4029 708 4095 29.
731 4028 783 4092 36.
798 4027 851 4092 39.
863 4027 915 4092 49.
932 4028 984 4092 51.
1001 4031 1103 4092 omnia
1127 4029 1222 4092 etiarn
1246 4027 1275 4092 in
1301 4027 1452 4090 immenso

325 4136 442 4202 Suidao
465 4136 608 4199 thesauro
631 4132 830 4197 inveniuntur·
861 4133 892 4196 ot
923 4151 947 4196 s.
972 4153 1000 4198 ν.
1033 4133 1165 4218 τριττὺς,
1199 4131 1237 4196 nd
1271 4150 1362 4213 quam
1401 4149 1454 4194 vo·

341 4295 600 4304 —-—-——--—————-

436 4381 459 4444 1)
478 4379 507 4432 in
526 4379 582 4432 lox.
602 4376 664 4444 Sog.
684 4375 717 4429 V.
736 4376 795 4429 309.
814 4375 848 4428 28
866 4375 938 4429 haee
964 4375 1076 4429 tanturn
1097 4375 1245 4441 leguntur:
1276 4371 1454 4442 τετραδισταί.

327 4465 354 4515 οἱ
372 4466 492 4516 ἐπίπονον
509 4463 568 4529 βίον
587 4463 730 4531 διάγοντες.
