<?xml version="1.0" encoding="UTF-8"?>
<!DOCTYPE html PUBLIC "-//W3C//DTD XHTML 1.0 Transitional//EN"
    "http://www.w3.org/TR/xhtml1/DTD/xhtml1-transitional.dtd">
<html xmlns="http://www.w3.org/1999/xhtml" xml:lang="en" lang="en">
 <head>
  <title>
</title>
<meta http-equiv="Content-Type" content="text/html;charset=utf-8" />
  <meta name='ocr-system' content='tesseract 3.04.00' />
  <meta name='ocr-capabilities' content='ocr_page ocr_carea ocr_par ocr_line ocrx_word'/>
</head>
<body>
  <div class='ocr_page' id='page_1' title='image "./dearistotelispo01bursgoog_0160.png"; bbox 0 0 3396 5278; ppageno 0'>
   <div class='ocr_carea' id='block_1_1' title="bbox 794 557 854 622">
    <p class='ocr_par' dir='ltr' id='par_1_1' title="bbox 794 557 854 622">
     <span class='ocr_line' id='line_1_1' title="bbox 794 557 854 622; baseline 0.033 -2"><span class='ocrx_word' id='word_1_1' title='bbox 794 557 854 622; x_wconf 83' lang='lat'>147</span> 
     </span>
    </p>
   </div>
   <div class='ocr_carea' id='block_1_2' title="bbox 365 730 1385 1054">
    <p class='ocr_par' dir='ltr' id='par_1_2' title="bbox 365 730 1385 1054">
     <span class='ocr_line' id='line_1_2' title="bbox 365 730 1319 868; baseline -0.008 -36"><span class='ocrx_word' id='word_1_2' title='bbox 365 768 432 848; x_wconf 76' lang='lat'>§8.</span> <span class='ocrx_word' id='word_1_3' title='bbox 467 764 574 847; x_wconf 85' lang='lat' dir='ltr'>Neque</span> <span class='ocrx_word' id='word_1_4' title='bbox 594 730 796 868; x_wconf 81' lang='lat' dir='ltr'>statuendum</span> <span class='ocrx_word' id='word_1_5' title='bbox 819 766 866 828; x_wconf 89' lang='lat' dir='ltr'>ost</span> <span class='ocrx_word' id='word_1_6' title='bbox 881 763 1083 828; x_wconf 87' lang='lat' dir='ltr'>Aristotelem</span> <span class='ocrx_word' id='word_1_7' title='bbox 1099 781 1168 826; x_wconf 85' lang='lat' dir='ltr'>son·</span> <span class='ocrx_word' id='word_1_8' title='bbox 1270 773 1319 811; x_wconf 61' lang='grc' dir='ltr'>Μ·</span> 
     </span>
     <span class='ocr_line' id='line_1_3' title="bbox 468 866 1169 933; baseline -0.003 -2"><span class='ocrx_word' id='word_1_9' title='bbox 468 869 581 932; x_wconf 88' lang='lat' dir='ltr'>tentias</span> <span class='ocrx_word' id='word_1_10' title='bbox 619 867 699 932; x_wconf 88' lang='lat' dir='ltr'>alius</span> <span class='ocrx_word' id='word_1_11' title='bbox 737 869 898 933; x_wconf 88' lang='lat' dir='ltr'>cuiusdam</span> <span class='ocrx_word' id='word_1_12' title='bbox 942 867 1072 932; x_wconf 87' lang='lat' dir='ltr'>taciturn</span> <span class='ocrx_word' id='word_1_13' title='bbox 1109 866 1169 930; x_wconf 86' lang='lat' dir='ltr'>im-</span> 
     </span>
     <span class='ocr_line' id='line_1_4' title="bbox 468 968 1385 1054; baseline -0.004 -20"><span class='ocrx_word' id='word_1_14' title='bbox 468 989 603 1054; x_wconf 82' lang='lat' dir='ltr'>pugnare</span> <span class='ocrx_word' id='word_1_15' title='bbox 644 1018 1167 1035; x_wconf 90' lang='grc'><strong>..........</strong></span> <span class='ocrx_word' id='word_1_16' title='bbox 1236 968 1316 1032; x_wconf 84' lang='grc'>45-</span> <span class='ocrx_word' id='word_1_17' title='bbox 1343 968 1385 1030; x_wconf 88' lang='grc'>48</span> 
     </span>
    </p>
   </div>
   <div class='ocr_carea' id='block_1_3' title="bbox 367 1107 1384 1508">
    <p class='ocr_par' dir='ltr' id='par_1_3' title="bbox 367 1107 1384 1508">
     <span class='ocr_line' id='line_1_5' title="bbox 367 1107 1170 1196; baseline -0.005 -20"><span class='ocrx_word' id='word_1_18' title='bbox 367 1112 436 1193; x_wconf 61' lang='grc'>89.</span> <span class='ocrx_word' id='word_1_19' title='bbox 469 1109 549 1173; x_wconf 82' lang='lat' dir='ltr'>Fons</span> <span class='ocrx_word' id='word_1_20' title='bbox 582 1109 668 1190; x_wconf 84' lang='lat' dir='ltr'>ipse,</span> <span class='ocrx_word' id='word_1_21' title='bbox 705 1128 796 1190; x_wconf 82' lang='lat' dir='ltr'>quem</span> <span class='ocrx_word' id='word_1_22' title='bbox 829 1108 1037 1196; x_wconf 81' lang='lat' dir='ltr'>Wilamowitn</span> <span class='ocrx_word' id='word_1_23' title='bbox 1075 1107 1170 1190; x_wconf 86' lang='lat' dir='ltr'>ponit,</span> 
     </span>
     <span class='ocr_line' id='line_1_6' title="bbox 469 1210 1171 1293; baseline 0 -19"><span class='ocrx_word' id='word_1_24' title='bbox 469 1231 540 1276; x_wconf 88' lang='lat' dir='ltr'>curn</span> <span class='ocrx_word' id='word_1_25' title='bbox 565 1210 666 1276; x_wconf 85' lang='lat' dir='ltr'>indole</span> <span class='ocrx_word' id='word_1_26' title='bbox 690 1211 839 1290; x_wconf 77' lang='lat' dir='ltr'>atthidis,</span> <span class='ocrx_word' id='word_1_27' title='bbox 872 1214 1021 1293; x_wconf 88' lang='lat' dir='ltr'>qnantum</span> <span class='ocrx_word' id='word_1_28' title='bbox 1045 1210 1171 1274; x_wconf 87' lang='lat' dir='ltr'>nobise</span> 
     </span>
     <span class='ocr_line' id='line_1_7' title="bbox 469 1301 1171 1398; baseline -0.003 -20"><span class='ocrx_word' id='word_1_29' title='bbox 469 1315 651 1398; x_wconf 75' lang='lat' dir='ltr'><strong>fragmentis</strong></span> <span class='ocrx_word' id='word_1_30' title='bbox 674 1315 705 1379; x_wconf 90' lang='lat' dir='ltr'>et</span> <span class='ocrx_word' id='word_1_31' title='bbox 726 1301 842 1398; x_wconf 81' lang='lat' dir='ltr'>jndicio</span> <span class='ocrx_word' id='word_1_32' title='bbox 869 1314 1007 1398; x_wconf 83' lang='lat' dir='ltr'>Dionysii</span> <span class='ocrx_word' id='word_1_33' title='bbox 1030 1313 1171 1378; x_wconf 89' lang='lat' dir='ltr'>Halicar-</span> 
     </span>
     <span class='ocr_line' id='line_1_8' title="bbox 460 1411 1384 1508; baseline -0.005 -27"><span class='ocrx_word' id='word_1_34' title='bbox 460 1411 621 1483; x_wconf 79' lang='lat' dir='ltr'>&#39;nassensis</span> <span class='ocrx_word' id='word_1_35' title='bbox 644 1419 767 1508; x_wconf 87' lang='lat' dir='ltr'>cognita</span> <span class='ocrx_word' id='word_1_36' title='bbox 789 1418 845 1498; x_wconf 85' lang='lat' dir='ltr'>est,</span> <span class='ocrx_word' id='word_1_37' title='bbox 878 1435 938 1481; x_wconf 92' lang='lat' dir='ltr'>non</span> <span class='ocrx_word' id='word_1_38' title='bbox 972 1417 1115 1498; x_wconf 87' lang='lat' dir='ltr'>congruit</span> <span class='ocrx_word' id='word_1_39' title='bbox 1161 1464 1168 1479; x_wconf 92' lang='lat'><strong>.</strong></span> <span class='ocrx_word' id='word_1_40' title='bbox 1237 1416 1322 1477; x_wconf 85' lang='lat' dir='ltr'>4s-</span> <span class='ocrx_word' id='word_1_41' title='bbox 1345 1415 1384 1476; x_wconf 86' lang='lat'>51</span> 
     </span>
    </p>
   </div>
   <div class='ocr_carea' id='block_1_4' title="bbox 267 1571 1387 1756">
    <p class='ocr_par' dir='ltr' id='par_1_4' title="bbox 267 1571 1387 1756">
     <span class='ocr_line' id='line_1_9' title="bbox 267 1571 1171 1655; baseline -0.002 -19"><span class='ocrx_word' id='word_1_42' title='bbox 267 1573 369 1655; x_wconf 76' lang='lat' dir='ltr'>Caput</span> <span class='ocrx_word' id='word_1_43' title='bbox 393 1574 426 1637; x_wconf 96' lang='grc' dir='ltr'>ΙΙ.</span> <span class='ocrx_word' id='word_1_44' title='bbox 474 1571 632 1650; x_wconf 81' lang='lat' dir='ltr'><strong>Quatenus</strong></span> <span class='ocrx_word' id='word_1_45' title='bbox 655 1571 833 1637; x_wconf 85' lang='lat' dir='ltr'>Aristotelis</span> <span class='ocrx_word' id='word_1_46' title='bbox 864 1571 1031 1636; x_wconf 86' lang='lat' dir='ltr'>auotoritas</span> <span class='ocrx_word' id='word_1_47' title='bbox 1055 1571 1094 1636; x_wconf 88' lang='lat' dir='ltr'>ad</span> <span class='ocrx_word' id='word_1_48' title='bbox 1116 1589 1171 1654; x_wconf 92' lang='lat' dir='ltr'>po-</span> 
     </span>
     <span class='ocr_line' id='line_1_10' title="bbox 367 1672 1387 1756; baseline -0.002 -19"><span class='ocrx_word' id='word_1_49' title='bbox 367 1674 464 1738; x_wconf 86' lang='lat' dir='ltr'>steros</span> <span class='ocrx_word' id='word_1_50' title='bbox 487 1674 651 1755; x_wconf 76' lang='lat' dir='ltr'>scriptores</span> <span class='ocrx_word' id='word_1_51' title='bbox 676 1675 828 1756; x_wconf 80' lang='lat' dir='ltr'>pertineat</span> <span class='ocrx_word' id='word_1_52' title='bbox 875 1722 882 1736; x_wconf 91' lang='lat'><strong>.</strong></span> <span class='ocrx_word' id='word_1_53' title='bbox 932 1719 939 1738; x_wconf 89' lang='lat'><strong>.</strong></span> <span class='ocrx_word' id='word_1_54' title='bbox 989 1721 997 1736; x_wconf 90' lang='lat'><strong>.</strong></span> <span class='ocrx_word' id='word_1_55' title='bbox 1047 1722 1054 1736; x_wconf 91' lang='lat'><strong>.</strong></span> <span class='ocrx_word' id='word_1_56' title='bbox 1105 1722 1111 1736; x_wconf 95' lang='lat'>.</span> <span class='ocrx_word' id='word_1_57' title='bbox 1162 1721 1169 1736; x_wconf 90' lang='lat'><strong>.</strong></span> <span class='ocrx_word' id='word_1_58' title='bbox 1238 1672 1387 1736; x_wconf 79' lang='lat'>52--106</span> 
     </span>
    </p>
   </div>
   <div class='ocr_carea' id='block_1_5' title="bbox 366 1827 1319 2016">
    <p class='ocr_par' dir='ltr' id='par_1_5' title="bbox 366 1827 1319 2016">
     <span class='ocr_line' id='line_1_11' title="bbox 366 1827 1175 1913; baseline -0.004 -20"><span class='ocrx_word' id='word_1_59' title='bbox 366 1831 384 1913; x_wconf 59' lang='grc' dir='ltr'>ᾗ</span> <span class='ocrx_word' id='word_1_60' title='bbox 417 1831 434 1894; x_wconf 93' lang='grc' dir='ltr'>Ι.</span> <span class='ocrx_word' id='word_1_61' title='bbox 468 1827 581 1894; x_wconf 81' lang='lat' dir='ltr'>Pollux</span> <span class='ocrx_word' id='word_1_62' title='bbox 597 1828 709 1910; x_wconf 86' lang='lat' dir='ltr'>quibus</span> <span class='ocrx_word' id='word_1_63' title='bbox 728 1827 804 1892; x_wconf 83' lang='lat' dir='ltr'>locis</span> <span class='ocrx_word' id='word_1_64' title='bbox 822 1827 988 1893; x_wconf 83' lang='lat' dir='ltr'>Aristotele</span> <span class='ocrx_word' id='word_1_65' title='bbox 1011 1827 1078 1909; x_wconf 91' lang='lat' dir='ltr'>ipso</span> <span class='ocrx_word' id='word_1_66' title='bbox 1101 1847 1175 1892; x_wconf 90' lang='lat' dir='ltr'>usus</span> 
     </span>
     <span class='ocr_line' id='line_1_12' title="bbox 470 1932 1319 2016; baseline -0.002 -21"><span class='ocrx_word' id='word_1_67' title='bbox 470 1933 519 2010; x_wconf 77' lang='lat' dir='ltr'>sit,</span> <span class='ocrx_word' id='word_1_68' title='bbox 544 1932 749 2016; x_wconf 86' lang='lat' dir='ltr'>investigatur</span> <span class='ocrx_word' id='word_1_69' title='bbox 817 1980 823 1994; x_wconf 91' lang='lat'><em>.</em></span> <span class='ocrx_word' id='word_1_70' title='bbox 860 1935 863 1944; x_wconf 89' lang='lat'>&#39;</span> <span class='ocrx_word' id='word_1_71' title='bbox 874 1977 1168 1995; x_wconf 89' lang='grc'><strong>......</strong></span> <span class='ocrx_word' id='word_1_72' title='bbox 1288 1965 1319 1974; x_wconf 84' lang='lat'><strong>-</strong></span> 
     </span>
    </p>
   </div>
   <div class='ocr_carea' id='block_1_6' title="bbox 367 2069 1388 2239">
    <p class='ocr_par' dir='ltr' id='par_1_6' title="bbox 367 2031 1388 2239">
     <span class='ocr_line' id='line_1_13' title="bbox 367 2069 1173 2153; baseline 0 -19"><span class='ocrx_word' id='word_1_73' title='bbox 367 2072 436 2153; x_wconf 74' lang='lat'>§2</span> <span class='ocrx_word' id='word_1_74' title='bbox 472 2071 648 2136; x_wconf 86' lang='lat' dir='ltr'>Aristotelis</span> <span class='ocrx_word' id='word_1_75' title='bbox 665 2071 833 2136; x_wconf 86' lang='lat' dir='ltr'>auctoritas</span> <span class='ocrx_word' id='word_1_76' title='bbox 850 2070 932 2153; x_wconf 89' lang='lat' dir='ltr'>apud</span> <span class='ocrx_word' id='word_1_77' title='bbox 956 2072 1073 2134; x_wconf 83' lang='lat' dir='ltr'>ceteros</span> <span class='ocrx_word' id='word_1_78' title='bbox 1096 2069 1173 2134; x_wconf 85' lang='lat' dir='ltr'>sori·</span> 
     </span>
     <span class='ocr_line' id='line_1_14' title="bbox 491 2170 1388 2239; baseline -0.004 -1"><span class='ocrx_word' id='word_1_79' title='bbox 491 2176 571 2239; x_wconf 87' lang='lat' dir='ltr'>tores</span> <span class='ocrx_word' id='word_1_80' title='bbox 588 2220 1170 2237; x_wconf 89' lang='grc'><strong>...........</strong></span> <span class='ocrx_word' id='word_1_81' title='bbox 1238 2170 1388 2234; x_wconf 75' lang='lat' dir='ltr'>‹ss-105</span> 
     </span>
    </p>
   </div>
   <div class='ocr_carea' id='block_1_7' title="bbox 469 2195 1388 2446">
    <p class='ocr_par' dir='ltr' id='par_1_7' title="bbox 469 2195 1388 2446">
     <span class='ocr_line' id='line_1_15' title="bbox 470 2195 1388 2362; baseline -0.005 -22"><span class='ocrx_word' id='word_1_82' title='bbox 470 2195 500 2360; x_wconf 76' lang='grc' dir='ltr'>ίί)</span> <span class='ocrx_word' id='word_1_83' title='bbox 532 2277 563 2342; x_wconf 92' lang='lat' dir='ltr'>in</span> <span class='ocrx_word' id='word_1_84' title='bbox 586 2257 692 2360; x_wconf 69' lang='lat' dir='ltr'>glossa¹</span> <span class='ocrx_word' id='word_1_85' title='bbox 711 2275 864 2362; x_wconf 74' lang='grc' dir='ltr'>ἡγεμονία</span> <span class='ocrx_word' id='word_1_86' title='bbox 886 2274 1114 2362; x_wconf 76' lang='grc' dir='ltr'>δικαστηρίων.</span> <span class='ocrx_word' id='word_1_87' title='bbox 1164 2323 1171 2338; x_wconf 89' lang='grc'><strong>.</strong></span> <span class='ocrx_word' id='word_1_88' title='bbox 1239 2273 1321 2336; x_wconf 85' lang='grc'>68-</span> <span class='ocrx_word' id='word_1_89' title='bbox 1347 2272 1388 2336; x_wconf 84' lang='grc'>73</span> 
     </span>
     <span class='ocr_line' id='line_1_16' title="bbox 469 2381 488 2446; baseline 0 0"><span class='ocrx_word' id='word_1_90' title='bbox 469 2381 488 2446; x_wconf 94' lang='lat' dir='ltr'>b</span> 
     </span>
    </p>
   </div>
   <div class='ocr_carea' id='block_1_8' title="bbox 474 2374 1389 2569">
    <p class='ocr_par' dir='ltr' id='par_1_8' title="bbox 474 2374 1389 2569">
     <span class='ocr_line' id='line_1_17' title="bbox 490 2374 1389 2466; baseline -0.007 -22"><span class='ocrx_word' id='word_1_91' title='bbox 490 2381 564 2460; x_wconf 77' lang='lat' dir='ltr'>lin</span> <span class='ocrx_word' id='word_1_92' title='bbox 589 2381 693 2464; x_wconf 82' lang='lat' dir='ltr'>glossa</span> <span class='ocrx_word' id='word_1_93' title='bbox 715 2382 865 2466; x_wconf 83' lang='grc' dir='ltr'>ἄρχοντες</span> <span class='ocrx_word' id='word_1_94' title='bbox 887 2381 936 2446; x_wconf 88' lang='lat' dir='ltr'>vel</span> <span class='ocrx_word' id='word_1_95' title='bbox 960 2381 1055 2445; x_wconf 89' lang='lat' dir='ltr'>sim..</span> <span class='ocrx_word' id='word_1_96' title='bbox 1106 2427 1113 2442; x_wconf 90' lang='lat'><strong>.</strong></span> <span class='ocrx_word' id='word_1_97' title='bbox 1163 2427 1171 2441; x_wconf 93' lang='lat'><strong><em>.</em></strong></span> <span class='ocrx_word' id='word_1_98' title='bbox 1239 2376 1324 2441; x_wconf 84' lang='lat'>73-</span> <span class='ocrx_word' id='word_1_99' title='bbox 1347 2374 1389 2438; x_wconf 73' lang='grc'>79</span> 
     </span>
     <span class='ocr_line' id='line_1_18' title="bbox 474 2479 1385 2569; baseline -0.007 -21"><span class='ocrx_word' id='word_1_100' title='bbox 474 2485 504 2567; x_wconf 82' lang='lat' dir='ltr'>o]</span> <span class='ocrx_word' id='word_1_101' title='bbox 536 2485 567 2548; x_wconf 92' lang='lat' dir='ltr'>in</span> <span class='ocrx_word' id='word_1_102' title='bbox 592 2485 696 2568; x_wconf 81' lang='lat' dir='ltr'>glossa</span> <span class='ocrx_word' id='word_1_103' title='bbox 717 2484 926 2569; x_wconf 75' lang='grc' dir='ltr'>θεσμοθετῶν</span> <span class='ocrx_word' id='word_1_104' title='bbox 958 2484 1117 2569; x_wconf 81' lang='grc' dir='ltr'>ἀνάκρισις</span> <span class='ocrx_word' id='word_1_105' title='bbox 1163 2531 1170 2546; x_wconf 93' lang='grc'><strong>.</strong></span> <span class='ocrx_word' id='word_1_106' title='bbox 1240 2480 1322 2544; x_wconf 87' lang='grc'>79-</span> <span class='ocrx_word' id='word_1_107' title='bbox 1347 2479 1385 2542; x_wconf 83' lang='grc'>81</span> 
     </span>
    </p>
   </div>
   <div class='ocr_carea' id='block_1_9' title="bbox 471 2583 1524 2671">
    <p class='ocr_par' dir='ltr' id='par_1_9' title="bbox 471 2583 1524 2671">
     <span class='ocr_line' id='line_1_19' title="bbox 471 2583 1524 2671; baseline -0.008 -19"><span class='ocrx_word' id='word_1_108' title='bbox 471 2587 503 2671; x_wconf 89' lang='lat' dir='ltr'>d)</span> <span class='ocrx_word' id='word_1_109' title='bbox 535 2587 567 2651; x_wconf 94' lang='lat' dir='ltr'>in</span> <span class='ocrx_word' id='word_1_110' title='bbox 590 2587 694 2670; x_wconf 85' lang='lat' dir='ltr'>glossa</span> <span class='ocrx_word' id='word_1_111' title='bbox 718 2585 862 2671; x_wconf 84' lang='grc' dir='ltr'>ίεροποισί</span> <span class='ocrx_word' id='word_1_112' title='bbox 875 2634 1168 2651; x_wconf 92' lang='grc'><strong>......</strong></span> <span class='ocrx_word' id='word_1_113' title='bbox 1237 2583 1323 2646; x_wconf 78' lang='grc'>81-</span> <span class='ocrx_word' id='word_1_114' title='bbox 1346 2583 1388 2646; x_wconf 81' lang='grc'>82</span> <span class='ocrx_word' id='word_1_115' title='bbox 1520 2591 1524 2594; x_wconf 84' lang='grc'><strong>’</strong></span> 
     </span>
    </p>
   </div>
   <div class='ocr_carea' id='block_1_10' title="bbox 470 2687 1389 2878">
    <p class='ocr_par' dir='ltr' id='par_1_10' title="bbox 470 2687 1389 2878">
     <span class='ocr_line' id='line_1_20' title="bbox 470 2687 1389 2776; baseline -0.005 -22"><span class='ocrx_word' id='word_1_116' title='bbox 470 2694 499 2775; x_wconf 83' lang='lat' dir='ltr'>e)</span> <span class='ocrx_word' id='word_1_117' title='bbox 535 2692 566 2756; x_wconf 93' lang='lat' dir='ltr'>in</span> <span class='ocrx_word' id='word_1_118' title='bbox 589 2692 693 2774; x_wconf 86' lang='lat' dir='ltr'>glossa</span> <span class='ocrx_word' id='word_1_119' title='bbox 715 2690 820 2776; x_wconf 83' lang='grc' dir='ltr'>ἐχῖνος</span> <span class='ocrx_word' id='word_1_120' title='bbox 876 2739 1171 2754; x_wconf 89' lang='grc'><strong>......</strong></span> <span class='ocrx_word' id='word_1_121' title='bbox 1240 2688 1322 2751; x_wconf 83' lang='grc'>82-</span> <span class='ocrx_word' id='word_1_122' title='bbox 1347 2687 1389 2749; x_wconf 88' lang='grc'>84</span> 
     </span>
     <span class='ocr_line' id='line_1_21' title="bbox 471 2788 1389 2878; baseline -0.008 -21"><span class='ocrx_word' id='word_1_123' title='bbox 471 2794 496 2876; x_wconf 70' lang='lat' dir='ltr'>f)</span> <span class='ocrx_word' id='word_1_124' title='bbox 534 2795 565 2858; x_wconf 92' lang='lat' dir='ltr'>in</span> <span class='ocrx_word' id='word_1_125' title='bbox 588 2795 692 2878; x_wconf 87' lang='lat' dir='ltr'>glossa</span> <span class='ocrx_word' id='word_1_126' title='bbox 713 2793 855 2857; x_wconf 83' lang='grc' dir='ltr'>πινάκιον</span> <span class='ocrx_word' id='word_1_127' title='bbox 880 2841 1172 2858; x_wconf 84' lang='lat'><strong>......</strong></span> <span class='ocrx_word' id='word_1_128' title='bbox 1240 2790 1324 2852; x_wconf 84' lang='lat'>84-</span> <span class='ocrx_word' id='word_1_129' title='bbox 1348 2788 1389 2851; x_wconf 88' lang='grc'>85</span> 
     </span>
    </p>
   </div>
   <div class='ocr_carea' id='block_1_11' title="bbox 472 2891 1529 2982">
    <p class='ocr_par' dir='ltr' id='par_1_11' title="bbox 472 2891 1529 2982">
     <span class='ocr_line' id='line_1_22' title="bbox 472 2891 1529 2982; baseline -0.009 -22"><span class='ocrx_word' id='word_1_130' title='bbox 472 2897 505 2978; x_wconf 87' lang='lat' dir='ltr'>g)</span> <span class='ocrx_word' id='word_1_131' title='bbox 536 2896 567 2960; x_wconf 88' lang='lat' dir='ltr'>in</span> <span class='ocrx_word' id='word_1_132' title='bbox 591 2896 703 2979; x_wconf 87' lang='lat' dir='ltr'>glossis</span> <span class='ocrx_word' id='word_1_133' title='bbox 726 2895 882 2981; x_wconf 83' lang='grc' dir='ltr'><strong>βακτηρία</strong></span> <span class='ocrx_word' id='word_1_134' title='bbox 915 2897 946 2960; x_wconf 88' lang='lat' dir='ltr'>et</span> <span class='ocrx_word' id='word_1_135' title='bbox 969 2895 1124 2982; x_wconf 66' lang='lat' dir='ltr'>cappellae</span> <span class='ocrx_word' id='word_1_136' title='bbox 1166 2943 1172 2958; x_wconf 90' lang='lat'><strong>.</strong></span> <span class='ocrx_word' id='word_1_137' title='bbox 1240 2893 1323 2956; x_wconf 87' lang='grc'>85-</span> <span class='ocrx_word' id='word_1_138' title='bbox 1348 2891 1389 2954; x_wconf 87' lang='grc'>86</span> <span class='ocrx_word' id='word_1_139' title='bbox 1446 2945 1452 2950; x_wconf 89' lang='grc'><em>.</em></span> <span class='ocrx_word' id='word_1_140' title='bbox 1528 2956 1529 2964; x_wconf 20' lang='grc' dir='ltr'>ς</span> 
     </span>
    </p>
   </div>
   <div class='ocr_carea' id='block_1_12' title="bbox 472 2997 1392 4223">
    <p class='ocr_par' dir='ltr' id='par_1_12' title="bbox 472 2997 1390 3290">
     <span class='ocr_line' id='line_1_23' title="bbox 473 2997 1284 3084; baseline -0.004 -22"><span class='ocrx_word' id='word_1_141' title='bbox 473 2999 506 3082; x_wconf 88' lang='lat' dir='ltr'>h)</span> <span class='ocrx_word' id='word_1_142' title='bbox 538 2998 567 3062; x_wconf 92' lang='lat' dir='ltr'>in</span> <span class='ocrx_word' id='word_1_143' title='bbox 591 2999 696 3081; x_wconf 88' lang='lat' dir='ltr'>glossa</span> <span class='ocrx_word' id='word_1_144' title='bbox 724 2997 942 3084; x_wconf 77' lang='grc' dir='ltr'>τετρυπημένη</span> <span class='ocrx_word' id='word_1_145' title='bbox 966 2998 1069 3082; x_wconf 73' lang='grc' dir='ltr'>ψῆφος</span> <span class='ocrx_word' id='word_1_146' title='bbox 1109 3047 1115 3061; x_wconf 94' lang='grc'><strong>.</strong></span> <span class='ocrx_word' id='word_1_147' title='bbox 1166 3047 1172 3060; x_wconf 94' lang='grc'><strong>.</strong></span> <span class='ocrx_word' id='word_1_148' title='bbox 1242 2997 1284 3060; x_wconf 88' lang='grc'>86</span> 
     </span>
     <span class='ocr_line' id='line_1_24' title="bbox 472 3099 1390 3187; baseline -0.004 -21"><span class='ocrx_word' id='word_1_149' title='bbox 472 3102 497 3184; x_wconf 83' lang='grc' dir='ltr'>ί)</span> <span class='ocrx_word' id='word_1_150' title='bbox 539 3102 570 3166; x_wconf 90' lang='lat' dir='ltr'>in</span> <span class='ocrx_word' id='word_1_151' title='bbox 594 3101 706 3186; x_wconf 88' lang='lat' dir='ltr'>glossis</span> <span class='ocrx_word' id='word_1_152' title='bbox 729 3100 880 3178; x_wconf 80' lang='grc' dir='ltr'>καδίσκος</span> <span class='ocrx_word' id='word_1_153' title='bbox 902 3104 933 3167; x_wconf 88' lang='lat' dir='ltr'>et</span> <span class='ocrx_word' id='word_1_154' title='bbox 955 3102 1114 3187; x_wconf 80' lang='grc' dir='ltr'>ἀμφορεῖς.</span> <span class='ocrx_word' id='word_1_155' title='bbox 1165 3149 1172 3164; x_wconf 95' lang='grc'><strong>.</strong></span> <span class='ocrx_word' id='word_1_156' title='bbox 1240 3099 1325 3163; x_wconf 86' lang='grc'>86-</span> <span class='ocrx_word' id='word_1_157' title='bbox 1348 3100 1390 3162; x_wconf 91' lang='grc'>88</span> 
     </span>
     <span class='ocr_line' id='line_1_25' title="bbox 472 3203 1175 3290; baseline -0.004 -21"><span class='ocrx_word' id='word_1_158' title='bbox 472 3205 505 3289; x_wconf 81' lang='lat' dir='ltr'>li)</span> <span class='ocrx_word' id='word_1_159' title='bbox 542 3205 573 3269; x_wconf 94' lang='lat' dir='ltr'>in</span> <span class='ocrx_word' id='word_1_160' title='bbox 589 3205 701 3287; x_wconf 90' lang='lat' dir='ltr'>glossis</span> <span class='ocrx_word' id='word_1_161' title='bbox 716 3204 890 3290; x_wconf 80' lang='grc' dir='ltr'>πρυτάνεις,</span> <span class='ocrx_word' id='word_1_162' title='bbox 903 3203 1085 3290; x_wconf 84' lang='grc' dir='ltr'>πρυτανεία,</span> <span class='ocrx_word' id='word_1_163' title='bbox 1101 3226 1175 3289; x_wconf 90' lang='grc' dir='ltr'>πρυ-</span> 
     </span>
    </p>

    <p class='ocr_par' dir='ltr' id='par_1_13' title="bbox 472 3307 1390 3498">
     <span class='ocr_line' id='line_1_26' title="bbox 541 3307 1390 3396; baseline -0.005 -24"><span class='ocrx_word' id='word_1_164' title='bbox 541 3318 661 3392; x_wconf 84' lang='grc' dir='ltr'>τανεῖα,</span> <span class='ocrx_word' id='word_1_165' title='bbox 686 3308 779 3395; x_wconf 89' lang='grc' dir='ltr'>κυρία</span> <span class='ocrx_word' id='word_1_166' title='bbox 801 3308 961 3396; x_wconf 77' lang='grc' dir='ltr'>ἐκκλησία</span> <span class='ocrx_word' id='word_1_167' title='bbox 995 3357 1001 3372; x_wconf 91' lang='grc'><strong><em>.</em></strong></span> <span class='ocrx_word' id='word_1_168' title='bbox 1052 3357 1059 3371; x_wconf 91' lang='grc'><strong>.</strong></span> <span class='ocrx_word' id='word_1_169' title='bbox 1110 3357 1116 3370; x_wconf 94' lang='grc'><strong>.</strong></span> <span class='ocrx_word' id='word_1_170' title='bbox 1167 3357 1173 3371; x_wconf 93' lang='grc'><strong>.</strong></span> <span class='ocrx_word' id='word_1_171' title='bbox 1241 3307 1325 3370; x_wconf 84' lang='grc'>88-</span> <span class='ocrx_word' id='word_1_172' title='bbox 1348 3307 1390 3368; x_wconf 83' lang='lat'>94</span> 
     </span>
     <span class='ocr_line' id='line_1_27' title="bbox 472 3411 1175 3498; baseline -0.001 -22"><span class='ocrx_word' id='word_1_173' title='bbox 472 3413 496 3497; x_wconf 88' lang='lat' dir='ltr'>l)</span> <span class='ocrx_word' id='word_1_174' title='bbox 538 3413 569 3477; x_wconf 92' lang='lat' dir='ltr'>in</span> <span class='ocrx_word' id='word_1_175' title='bbox 593 3413 697 3497; x_wconf 89' lang='lat' dir='ltr'>glossa</span> <span class='ocrx_word' id='word_1_176' title='bbox 719 3412 906 3498; x_wconf 81' lang='grc' dir='ltr'>δικαστήρια</span> <span class='ocrx_word' id='word_1_177' title='bbox 926 3411 1105 3498; x_wconf 69' lang='grc' dir='ltr'>Ἀθήνησιν</span> <span class='ocrx_word' id='word_1_178' title='bbox 1126 3412 1175 3476; x_wconf 87' lang='lat' dir='ltr'>vel</span> 
     </span>
    </p>

    <p class='ocr_par' dir='ltr' id='par_1_14' title="bbox 473 3511 1392 4223">
     <span class='ocr_line' id='line_1_28' title="bbox 543 3511 1391 3582; baseline -0.005 -2"><span class='ocrx_word' id='word_1_179' title='bbox 543 3517 657 3582; x_wconf 91' lang='lat' dir='ltr'>sim..</span> <span class='ocrx_word' id='word_1_180' title='bbox 823 3565 829 3578; x_wconf 94' lang='lat'><em>.</em></span> <span class='ocrx_word' id='word_1_181' title='bbox 880 3565 886 3579; x_wconf 91' lang='lat'><strong>.</strong></span> <span class='ocrx_word' id='word_1_182' title='bbox 937 3565 944 3579; x_wconf 88' lang='lat'><strong>.</strong></span> <span class='ocrx_word' id='word_1_183' title='bbox 994 3565 1001 3578; x_wconf 91' lang='lat'><strong>.</strong></span> <span class='ocrx_word' id='word_1_184' title='bbox 1052 3565 1058 3580; x_wconf 90' lang='lat'><strong>.</strong></span> <span class='ocrx_word' id='word_1_185' title='bbox 1108 3564 1174 3580; x_wconf 91' lang='lat'>..</span> <span class='ocrx_word' id='word_1_186' title='bbox 1241 3511 1391 3576; x_wconf 80' lang='lat'>94-98</span> 
     </span>
     <span class='ocr_line' id='line_1_29' title="bbox 474 3614 1391 3706; baseline -0.007 -22"><span class='ocrx_word' id='word_1_187' title='bbox 474 3623 518 3706; x_wconf 86' lang='lat' dir='ltr'>nr)</span> <span class='ocrx_word' id='word_1_188' title='bbox 539 3621 571 3684; x_wconf 88' lang='lat' dir='ltr'>in</span> <span class='ocrx_word' id='word_1_189' title='bbox 593 3621 705 3704; x_wconf 90' lang='lat' dir='ltr'>glossis</span> <span class='ocrx_word' id='word_1_190' title='bbox 729 3618 894 3683; x_wconf 84' lang='grc' dir='ltr'>ἐπιστάται</span> <span class='ocrx_word' id='word_1_191' title='bbox 925 3620 956 3684; x_wconf 86' lang='lat' dir='ltr'>et</span> <span class='ocrx_word' id='word_1_192' title='bbox 978 3620 1118 3705; x_wconf 83' lang='grc' dir='ltr'>πρόεδροι</span> <span class='ocrx_word' id='word_1_193' title='bbox 1165 3667 1172 3682; x_wconf 93' lang='grc'><strong>.</strong></span> <span class='ocrx_word' id='word_1_194' title='bbox 1241 3617 1327 3681; x_wconf 88' lang='grc'>98-</span> <span class='ocrx_word' id='word_1_195' title='bbox 1348 3614 1391 3678; x_wconf 86' lang='grc'>99</span> 
     </span>
     <span class='ocr_line' id='line_1_30' title="bbox 474 3717 1391 3810; baseline -0.008 -22"><span class='ocrx_word' id='word_1_196' title='bbox 474 3727 507 3810; x_wconf 86' lang='lat' dir='ltr'>n)</span> <span class='ocrx_word' id='word_1_197' title='bbox 539 3725 571 3788; x_wconf 92' lang='lat' dir='ltr'>in</span> <span class='ocrx_word' id='word_1_198' title='bbox 593 3724 696 3808; x_wconf 87' lang='lat' dir='ltr'>glossa</span> <span class='ocrx_word' id='word_1_199' title='bbox 719 3722 954 3807; x_wconf 81' lang='grc' dir='ltr'>τετταράκοντα</span> <span class='ocrx_word' id='word_1_200' title='bbox 995 3771 1001 3786; x_wconf 92' lang='grc'><strong>.</strong></span> <span class='ocrx_word' id='word_1_201' title='bbox 1052 3772 1059 3785; x_wconf 95' lang='grc'><strong>.</strong></span> <span class='ocrx_word' id='word_1_202' title='bbox 1109 3771 1115 3785; x_wconf 94' lang='grc'><strong>.</strong></span> <span class='ocrx_word' id='word_1_203' title='bbox 1167 3771 1173 3784; x_wconf 95' lang='grc'><strong>.</strong></span> <span class='ocrx_word' id='word_1_204' title='bbox 1241 3717 1391 3782; x_wconf 84' lang='grc'><strong>99-100</strong></span> 
     </span>
     <span class='ocr_line' id='line_1_31' title="bbox 474 3821 1390 3912; baseline -0.008 -20"><span class='ocrx_word' id='word_1_205' title='bbox 474 3831 504 3910; x_wconf 90' lang='grc' dir='ltr'>ο)</span> <span class='ocrx_word' id='word_1_206' title='bbox 538 3828 570 3892; x_wconf 94' lang='lat' dir='ltr'>in</span> <span class='ocrx_word' id='word_1_207' title='bbox 592 3825 696 3910; x_wconf 87' lang='lat' dir='ltr'>glossa</span> <span class='ocrx_word' id='word_1_208' title='bbox 718 3825 875 3912; x_wconf 85' lang='grc' dir='ltr'>διαιτηταί</span> <span class='ocrx_word' id='word_1_209' title='bbox 936 3873 1172 3889; x_wconf 90' lang='grc'><strong>.....</strong></span> <span class='ocrx_word' id='word_1_210' title='bbox 1221 3821 1390 3888; x_wconf 83' lang='lat' dir='ltr'>roo-101</span> 
     </span>
     <span class='ocr_line' id='line_1_32' title="bbox 474 3925 1391 4016; baseline -0.007 -22"><span class='ocrx_word' id='word_1_211' title='bbox 474 3929 507 4012; x_wconf 78' lang='lat' dir='ltr'>p]</span> <span class='ocrx_word' id='word_1_212' title='bbox 539 3932 570 3994; x_wconf 94' lang='lat' dir='ltr'>in</span> <span class='ocrx_word' id='word_1_213' title='bbox 593 3931 697 4014; x_wconf 92' lang='lat' dir='ltr'>glossa</span> <span class='ocrx_word' id='word_1_214' title='bbox 719 3929 874 4016; x_wconf 80' lang='grc' dir='ltr'>ἐπώνυμοι</span> <span class='ocrx_word' id='word_1_215' title='bbox 937 3978 1172 3993; x_wconf 91' lang='grc'><strong>.....</strong></span> <span class='ocrx_word' id='word_1_216' title='bbox 1221 3925 1391 3991; x_wconf 77' lang='grc'>101-102</span> 
     </span>
     <span class='ocr_line' id='line_1_33' title="bbox 473 4029 1392 4116; baseline -0.003 -21"><span class='ocrx_word' id='word_1_217' title='bbox 473 4033 504 4113; x_wconf 85' lang='lat' dir='ltr'>q)</span> <span class='ocrx_word' id='word_1_218' title='bbox 538 4033 568 4095; x_wconf 93' lang='lat' dir='ltr'>in</span> <span class='ocrx_word' id='word_1_219' title='bbox 592 4035 695 4116; x_wconf 91' lang='lat' dir='ltr'>glossa</span> <span class='ocrx_word' id='word_1_220' title='bbox 718 4033 840 4098; x_wconf 81' lang='grc' dir='ltr'>ἀδικίου</span> <span class='ocrx_word' id='word_1_221' title='bbox 881 4081 1173 4097; x_wconf 93' lang='grc'><strong>......</strong></span> <span class='ocrx_word' id='word_1_222' title='bbox 1223 4029 1392 4095; x_wconf 77' lang='lat' dir='ltr'>roa-103</span> 
     </span>
     <span class='ocr_line' id='line_1_34' title="bbox 475 4132 1391 4223; baseline -0.001 -26"><span class='ocrx_word' id='word_1_223' title='bbox 475 4137 504 4216; x_wconf 85' lang='lat' dir='ltr'>r)</span> <span class='ocrx_word' id='word_1_224' title='bbox 540 4134 570 4198; x_wconf 91' lang='lat' dir='ltr'>in</span> <span class='ocrx_word' id='word_1_225' title='bbox 594 4136 698 4218; x_wconf 87' lang='lat' dir='ltr'>glossa</span> <span class='ocrx_word' id='word_1_226' title='bbox 720 4136 866 4223; x_wconf 84' lang='grc' dir='ltr'>πωληταί</span> <span class='ocrx_word' id='word_1_227' title='bbox 880 4183 1172 4200; x_wconf 91' lang='grc'><strong>......</strong></span> <span class='ocrx_word' id='word_1_228' title='bbox 1222 4132 1391 4197; x_wconf 86' lang='grc'><strong>103-105</strong></span> 
     </span>
    </p>
   </div>
   <div class='ocr_carea' id='block_1_13' title="bbox 344 4273 1392 4563">
    <p class='ocr_par' dir='ltr' id='par_1_15' title="bbox 344 4273 1392 4563">
     <span class='ocr_line' id='line_1_35' title="bbox 372 4273 1177 4357; baseline -0.004 -18"><span class='ocrx_word' id='word_1_229' title='bbox 372 4275 390 4357; x_wconf 69' lang='grc' dir='ltr'>ξ</span> <span class='ocrx_word' id='word_1_230' title='bbox 414 4275 445 4339; x_wconf 79' lang='grc'>3.</span> <span class='ocrx_word' id='word_1_231' title='bbox 478 4274 546 4355; x_wconf 76' lang='lat' dir='ltr'>Qua</span> <span class='ocrx_word' id='word_1_232' title='bbox 568 4275 618 4338; x_wconf 89' lang='lat' dir='ltr'>via</span> <span class='ocrx_word' id='word_1_233' title='bbox 634 4273 821 4338; x_wconf 89' lang='lat' dir='ltr'>Aristotelea</span> <span class='ocrx_word' id='word_1_234' title='bbox 843 4275 875 4338; x_wconf 89' lang='lat' dir='ltr'>in</span> <span class='ocrx_word' id='word_1_235' title='bbox 891 4275 1177 4356; x_wconf 84' lang='lat' dir='ltr'>Harpocrationsm‚</span> 
     </span>
     <span class='ocr_line' id='line_1_36' title="bbox 475 4377 1175 4456; baseline -0.001 -15"><span class='ocrx_word' id='word_1_236' title='bbox 475 4377 644 4455; x_wconf 77' lang='lat' dir='ltr'>Pollucem,</span> <span class='ocrx_word' id='word_1_237' title='bbox 661 4377 758 4441; x_wconf 86' lang='lat' dir='ltr'>lexioa</span> <span class='ocrx_word' id='word_1_238' title='bbox 772 4377 932 4456; x_wconf 82' lang='lat' dir='ltr'>rhetorica,</span> <span class='ocrx_word' id='word_1_239' title='bbox 950 4377 1066 4442; x_wconf 88' lang='lat' dir='ltr'>scholia</span> <span class='ocrx_word' id='word_1_240' title='bbox 1077 4378 1175 4441; x_wconf 87' lang='lat' dir='ltr'>intre·</span> 
     </span>
     <span class='ocr_line' id='line_1_37' title="bbox 344 4477 1392 4563; baseline -0.006 -18"><span class='ocrx_word' id='word_1_241' title='bbox 344 4479 345 4483; x_wconf 71' lang='grc'>’</span> <span class='ocrx_word' id='word_1_242' title='bbox 475 4481 584 4559; x_wconf 75' lang='lat' dir='ltr'>verint,</span> <span class='ocrx_word' id='word_1_243' title='bbox 612 4479 719 4563; x_wconf 90' lang='lat' dir='ltr'>paucis</span> <span class='ocrx_word' id='word_1_244' title='bbox 744 4479 1013 4561; x_wconf 83' lang='lat' dir='ltr'>comprehenditur</span> <span class='ocrx_word' id='word_1_245' title='bbox 1054 4528 1060 4543; x_wconf 92' lang='lat'>.</span> <span class='ocrx_word' id='word_1_246' title='bbox 1111 4527 1118 4542; x_wconf 95' lang='lat'><strong>.</strong></span> <span class='ocrx_word' id='word_1_247' title='bbox 1167 4527 1174 4542; x_wconf 92' lang='lat'>.</span> <span class='ocrx_word' id='word_1_248' title='bbox 1223 4477 1392 4540; x_wconf 79' lang='lat' dir='ltr'>los-106</span> 
     </span>
    </p>
   </div>
   <div class='ocr_carea' id='block_1_14' title="bbox 0 0 1713 5278">
    <p class='ocr_par' dir='ltr' id='par_1_16' title="bbox 0 0 1713 5278">
     <span class='ocr_line' id='line_1_38' title="bbox 0 0 1713 5278; baseline 0 0"><span class='ocrx_word' id='word_1_249' title='bbox 0 0 1713 5278; x_wconf 95' lang='lat' dir='ltr'> </span> 
     </span>
    </p>
   </div>
  </div>
 </body>
</html>
