3408 5276
885 506 992 580 68'

341 722 399 785 bae
430 721 512 804 ragis
535 719 788 785 Mauretanorum
811 719 967 802 θεατρικῇ
993 717 1112 804 ἱστορίᾳ
1134 737 1277 784 manasse
1300 721 1422 786 constat
1443 722 1467 803 1.

343 823 402 890 Sed
424 823 538 890 tubam
563 823 688 887 unicum
711 821 848 886 Pollucis
874 821 991 886 fontem
1013 821 1116 901 fuisse,
1149 823 1270 888 Rohdio
1303 822 1467 888 concedere

341 927 461 1004 nolunt,
493 926 686 1002 conicientes,
718 925 777 1002 „ut
805 923 874 988 aliis
908 924 983 988 locis
1016 924 1188 1007 complures
1211 925 1306 989 simul
1327 926 1468 989 auctores

341 1029 455 1094 Nostro
488 1029 692 1111 suppetiisse,
723 1028 769 1091 ita
799 1027 850 1091 hic
877 1045 998 1108 quoque
1031 1029 1190 1092 evenisse“
1204 1027 1241 1109 ²).
1289 1027 1374 1107 Quae
1396 1046 1467 1092 cum

340 1134 386 1198 ita
409 1133 480 1209 sint,
514 1131 553 1196 ad
576 1131 745 1196 ceterorum
767 1130 916 1195 librorum
939 1148 1078 1194 normam
1101 1131 1216 1197 librum
1239 1137 1358 1214 quoque
1382 1135 1467 1195 octa-

340 1255 414 1300 vum
438 1235 642 1317 compositum
665 1253 732 1299 esse
755 1232 954 1299 statuendum
977 1235 1034 1298 est.
1092 1235 1187 1298 Cuius
1212 1237 1279 1300 libri
1303 1253 1486 1316 arquatum.

339 1345 404 1402 tum
429 1341 454 1404 si
479 1341 667 1421 praestantia
690 1339 804 1402 eeterls
826 1338 919 1402 tacite
942 1339 1109 1416 antecellit,
1135 1340 1197 1402 troo
1221 1357 1321 1420 neque
1346 1339 1465 1402 auctori

341 1461 441 1524 usque
474 1441 685 1524 componendi
718 1442 828 1506 rationi
860 1439 917 1505 sed
949 1441 1026 1504 tonti
1053 1443 1102 1504 uni
1125 1441 1284 1506 Aristoteli
1309 1439 1390 1504 laudi
1413 1441 1466 1501 tri·

340 1544 495 1609 tuendum
519 1549 577 1609 est.

416 1835 440 1922 g
464 1833 500 1902 2.
539 1831 777 1902 Aristotelis
801 1832 1029 1901 auctoritas
1055 1831 1162 1920 apud
1187 1832 1352 1900 ceteros

779 1935 1020 2024 scriptores.

439 2089 530 2154 Nunc
562 2088 600 2154 ad
632 2091 749 2154 ceteros
786 2090 949 2172 scriptores
984 2087 1220 2172 aggrediamur,
1259 2107 1335 2171 quos
1369 2089 1462 2152 simul

336 2193 469 2258 tractare
492 2194 604 2276 placet,
636 2193 672 2259 ut
703 2193 802 2276 magis
829 2194 983 2274 appareat,
1018 2193 1168 2276 quatenus
1202 2211 1299 2275 usque
1322 2192 1361 2258 ad
1383 2193 1461 2256 tem-

335 2315 410 2378 pora
443 2297 576 2362 maxime
614 2296 764 2362 distantia
800 2297 968 2360 auctoritas
1000 2296 1180 2362 Aristotelis
1211 2296 1394 2378 pertinuerit
1430 2297 1462 2360 et

334 2419 412 2482 quae
434 2402 514 2466 ratio
536 2401 617 2464 inter
638 2400 762 2482 singula
784 2399 881 2464 lexica
902 2399 1055 2464 rhetorica
1078 2399 1260 2464 intercedat.

488 2603 521 2682 a)
557 2603 585 2663 in
610 2603 717 2682 qlosea
748 2599 962 2685 ἡγεμονία
994 2599 1301 2685 δικαστηρίων.

434 2753 494 2830 Qui
512 2755 624 2835 cuique
640 2773 755 2818 causae
772 2753 988 2836 dijudicandae
1006 2754 1175 2836 praefuerit
1191 2755 1320 2832 archon,
1335 2754 1458 2835 praeter

331 2855 532 2920 Aristotelem
566 2874 632 2937 cap.
665 2855 810 2918 55-59
841 2857 899 2920 len.
933 2855 1003 2940 Sag.
1036 2856 1073 2920 V.
1109 2854 1183 2918 309.
1205 2854 1382 2920 33-310.
1416 2855 1457 2917 27

331 2959 425 3042 (τίνες
456 2959 551 3024 ποίων
582 2958 791 3045 δικαστηρίων
822 2961 910 3045 είχον
941 2961 997 3048 τὴν
1028 2959 1213 3045 ἡγεμονίαν)
1249 2978 1305 3026 nos
1340 2959 1456 3024 edocet.

331 3063 392 3128 Ubi
415 3082 485 3130 cum
508 3063 548 3127 ad
571 3063 725 3128 archontis
749 3064 890 3147 eponymi
918 3063 1020 3129 officia
1050 3065 1172 3144 praeter
1204 3083 1249 3143 ea,
1283 3083 1360 3146 quae
1382 3063 1456 3126 Ari·

333 3168 459 3233 stoteles
491 3168 692 3258 enumeravit,
726 3186 819 3231 cansa
850 3165 970 3250 ἀργίας,
1000 3167 1039 3232 ad
1060 3153 1346 3232 thesmothetarum
1364 3184 1457 3231 causa

329 3269 443 3355 ὕβρεως
465 3271 571 3336 addita
594 3270 643 3349 sit,
668 3267 912 3353 Wilamowitffl)
944 3289 1004 3335 non
1033 3271 1151 3336 lexicon
1175 3269 1245 3350 Sag.
1268 3269 1306 3334 V.
1330 3287 1366 3333 en
1388 3268 1456 3332 Ari·

329 3374 450 3454 stotele,
478 3374 532 3439 sed
554 3374 718 3455 utrumque
742 3393 757 3437 c
779 3375 870 3439 tertio
894 3374 977 3438 fonte
999 3393 1142 3439 manasse
1165 3373 1272 3438 credit.
1317 3371 1406 3451 Quod
1429 3371 1455 3434 si

327 3497 435 3543 verum
459 3477 550 3566 esset,
582 3477 717 3560 primum
741 3496 801 3542 non
824 3477 1085 3560 intellegeremus,
1118 3496 1172 3540 cur
1194 3477 1330 3557 exceptis
1353 3473 1454 3540 causis

328 3581 442 3667 ὕβρεως
463 3581 495 3646 at
517 3578 626 3664 ἀργίας
648 3579 771 3644 easdem
793 3597 829 3644 en
850 3580 934 3644 fonte
956 3579 1012 3644 illo
1035 3579 1174 3644 uberiore
1207 3579 1295 3656 δίκας
1325 3578 1453 3643 haustas

327 3685 530 3760 inveniamus,
554 3702 629 3765 quas
652 3682 836 3747 Aristoteles
858 3682 1042 3763 percensuit,
1071 3683 1139 3745 tum
1162 3699 1216 3745 cur
1237 3683 1295 3746 lon.
1319 3680 1391 3764 Seg.
1414 3679 1453 3744 V.

327 3785 429 3850 officia
451 3787 606 3850 archontis
629 3783 816 3868 polemarohi
838 3784 944 3850 eodem
968 3784 1060 3866 atque
1081 3784 1264 3850 Aristotcles
1287 3784 1354 3850 loco
1377 3802 1452 3848 enu-

429 4091 454 4158 1)
474 4093 506 4146 ol.
526 4093 556 4145 Ε.
576 4093 681 4156 Rohdo,
709 4093 743 4145 de
761 4091 831 4145 dulii
848 4091 972 4146 Pollucis
991 4093 1021 4146 in
1049 4094 1187 4161 apparatu
1212 4095 1344 4148 scaenico
1368 4108 1449 4148 enar·

325 4178 413 4231 rando
432 4178 566 4231 tontibus.
603 4177 678 4245 hips.
698 4177 772 4230 1870.

428 4263 455 4330 2)
476 4263 508 4317 of.
528 4264 558 4316 Ε.
577 4261 705 4326 Althaus,
734 4264 939 4328 Quaestionum
961 4265 995 4319 de
1012 4263 1083 4320 dulit
1100 4266 1224 4319 Pollucis
1245 4265 1371 4320 tontibus
1390 4279 1450 4332 spe·

325 4349 423 4403 cimen.
460 4349 534 4403 Berl.
556 4349 630 4403 1814.
648 4364 673 4418 p.
691 4351 734 4404 37.

426 4435 456 4496 3)
475 4435 492 4488 l.
511 4435 528 4489 l.
557 4433 575 4487 l.
604 4437 867 4502 prosumnus.
902 4452 928 4504 p.
947 4438 999 4491 244
1017 4451 1079 4492 ann.
1100 4438 1158 4492 119.
