3408 5276
597 1388 598 1391 κ
642 1293 964 1419 Praefatio

761 1507 864 1515 .--

874 1609 1011 1671 „illorum
1039 1609 1087 1674 qui
1113 1608 1176 1676 ipsa
1202 1601 1307 1674 scripta
1325 1623 1366 1662 re·

871 1677 1021 1744 liquerunt,
1043 1677 1145 1732 honori
1163 1677 1366 1732 consulendum

839 1811 841 1814 .
872 1751 924 1810 est,
943 1761 1000 1800 non
1018 1747 1133 1801 nostrae
1150 1746 1313 1814 gloriolae.“

774 1833 802 1886 L.
821 1832 1026 1893 Mendelssohn
1045 1831 1132 1900 praef.
1151 1833 1193 1886 ed.
1212 1831 1267 1886 Cio.
1287 1835 1366 1899 epist.

999 1901 1072 1968 [ips.
1095 1901 1167 1955 1893,
1186 1917 1211 1969 p.
1230 1901 1332 1956 XXXI.

345 2024 486 2090 Priorem
507 2024 539 2088 in
563 2025 682 2106 partem
705 2023 884 2088 Aristotelis
895 2022 920 2106 1)
943 2021 980 2086 de
1002 2021 1174 2104 Republioa
1196 2021 1368 2088 Athenien-

244 2128 325 2194 sium
355 2128 428 2193 libri
460 2129 582 2211 suepius
614 2127 672 2192 viri
704 2127 787 2191 doeti
817 2125 1044 2210 inquisiverunt
1076 2125 1116 2204 et,
1151 2125 1231 2191 unde
1263 2130 1369 2193 auctor

246 2231 304 2298 sibi
325 2231 559 2314 comparaverit,
580 2249 790 2313 quaecumque
813 2228 851 2293 de
873 2229 963 2294 rebus
984 2227 1221 2293 Atheniensium
1237 2233 1367 2309 enarrat,

143 2390 147 2402 .
244 2337 276 2399 iu
299 2334 478 2401 universum
497 2335 563 2418 jem
586 2333 830 2418 exploraverunt.
875 2329 959 2410 Quae
975 2349 1045 2396 vero
1060 2331 1269 2396 intercesserit
1290 2333 1368 2397 ratio

245 2438 325 2502 inter
355 2425 559 2520 posteriorem
581 2437 702 2520 partem
724 2435 755 2500 et
777 2435 898 2519 glossas
921 2453 975 2518 per
999 2431 1121 2498 diuersa
1146 2432 1244 2497 lerina
1266 2435 1370 2498 rheto-

246 2542 310 2606 rica
333 2541 499 2624 dispersas,
522 2559 611 2606 nemo
634 2540 696 2605 fere
719 2537 819 2604 adhue
842 2537 1023 2620 diligentius
1046 2535 1232 2618 explanavit.
1276 2536 1369 2602 Multi

246 2644 372 2726 quidem
399 2663 445 2721 oe,
477 2662 554 2726 quae
577 2642 637 2708 sibi
660 2643 789 2725 quisque
812 2641 882 2706 usui
904 2659 970 2706 esse
994 2639 1155 2722 putabant,
1177 2637 1249 2704 inde
1268 2657 1370 2704 exoer·

245 2748 384 2830 pserunt.
428 2745 589 2830 Lipsius²)
612 2746 774 2812 seientiam
797 2745 872 2829 juris
897 2743 985 2808 attioi
1010 2743 1096 2808 novis
1121 2743 1324 2826 locupletavit
1340 2752 1371 2809 et

246 2839 432 2916 testimoniis
457 2852 488 2915 et
510 2851 682 2916 sententiis.
727 2848 851 2914 Gilbert
861 2847 886 2932 ³)
910 2867 925 2913 e
955 2845 1102 2930 Busolt⁴)
1124 2847 1160 2912 ut
1180 2846 1276 2912 libros
1299 2866 1370 2913 suos

247 2953 285 3018 do
315 2953 553 3036 antiquitatibus
588 2953 706 3036 graecis
736 2951 869 3035 publicis
900 2951 1113 3028 retractarent,
1147 2967 1270 3016 necesse
1293 2952 1370 3015 erat.

247 3057 313 3122 Alii
346 3056 385 3122 ad
417 3056 555 3140 singulas
589 3055 786 3138 quaestiones
820 3052 1033 3138 dijudicandas
1070 3051 1154 3116 felini
1190 3053 1303 3117 eventu
1339 3054 1371 3118 in

248 3159 427 3226 Aristotelis
450 3159 632 3225 auctoritate
654 3159 713 3224 niti
735 3157 887 3240 poterent.
931 3154 1045 3222 Kaibel
1059 3156 1083 3239 ⁵)
1109 3155 1201 3238 pleno
1222 3155 1371 3238 doctoque

247 3263 468 3328 commentario
499 3263 594 3327 etiam
625 3263 756 3330 alteram
789 3261 889 3346 operis
921 3261 1041 3341 partem
1071 3258 1242 3324 illustravit
1279 3261 1310 3323 et
1342 3261 1371 3324 ei

248 3369 426 3446 sententiae,
444 3385 536 3449 quam
551 3385 654 3433 reram
671 3385 737 3432 osse
756 3365 833 3429 mihi
848 3363 996 3446 persuasi,
1019 3361 1175 3426 interdum
1186 3360 1211 3445 6)
1234 3362 1371 3444 proxime

354 3627 379 3691 1)
405 3625 437 3680 In
460 3626 560 3680 oharta
585 3627 756 3682 londinensi
783 3626 937 3692 genuinum
963 3624 1044 3678 nobis
1072 3635 1143 3690 opus
1170 3621 1371 3676 Aristoteleum

249 3709 314 3749 osso
332 3695 466 3749 donatum
484 3699 612 3758 nonest,
640 3697 714 3762 quod
742 3695 847 3748 dieam-
877 3693 931 3757 Qui
949 3693 1003 3746 hoe
1031 3691 1098 3746 olim
1116 3693 1299 3758 negaverant,
1325 3691 1372 3744 ob-

249 3765 430 3827 mutuerunt;
458 3778 513 3831 qua
539 3778 570 3817 re
597 3765 767 3834 sententiam
795 3777 876 3817 suem
899 3762 958 3829 jnm
986 3773 1043 3815 non
1065 3775 1082 3813 e
1104 3772 1135 3813 se
1161 3760 1230 3826 ipsis
1257 3760 1372 3827 probari

250 3834 460 3886 concesserunt.
495 3831 570 3886 Usus
596 3847 660 3888 sum
687 3834 811 3888 editione
837 3829 959 3886 Kaibelii
986 3833 1014 3884 et
1041 3829 1254 3882 Wilamowitzii
1277 3829 1373 3896 priore

251 3915 275 3956 a.
295 3902 360 3956 1891
380 3904 416 3964 et,
443 3901 613 3968 ubicumque
630 3917 676 3956 res
694 3901 862 3970 postulabat,
881 3901 959 3963 alias,
977 3899 1122 3966 inprimis
1141 3897 1318 3952 Blossianam
1335 3899 1373 3952 al-

249 3973 341 4024 teram
358 3984 382 4024 a.
403 3971 477 4032 1895,
495 3971 687 4038 inspiciebam.
841 4035 842 4040 η

352 4037 381 4103 2)
408 4039 541 4094 Berichte
558 4040 629 4094 iiber
647 4041 692 4093 die
709 4038 949 4106 Verhandlunge'n
966 4037 1016 4090 der
1034 4036 1090 4104 kgl.
1110 4035 1200 4090 siiohs.
1218 4034 1372 4088 Gosollsoh.

252 4107 277 4162 d.
297 4109 381 4163 Wiss.
400 4109 544 4177 pini-hist.
563 4107 602 4162 Ol.
624 4109 697 4162 1891.
716 4122 741 4174 p.
759 4109 790 4160 41
811 4122 852 4174 sq.

354 4179 383 4238 3)
411 4177 566 4232 Handbneh
585 4178 635 4232 der
651 4177 756 4244 grioeh.
775 4173 1057 4230 Steatsaltorthiiurer
1074 4171 1096 4226 1²
1117 4171 1191 4225 1893.

353 4247 383 4312 4)
410 4246 522 4300 Griooh.
541 4245 645 4300 Staats·
663 4247 721 4300 und
738 4241 1048 4300 Rechtselterthiimer²
1069 4240 1134 4296 1892
1153 4261 1185 4286 =
1203 4235 1376 4294 Hennensi·

252 4313 338 4368 klass.
356 4315 607 4370 Alterthumswiss.
626 4315 671 4368 IV.
692 4315 715 4377 l,
736 4319 757 4368 1.

354 4384 381 4445 5)
408 4383 459 4506 Still
473 4397 499 4436 u.
514 4383 589 4452 Text
601 4384 651 4505 dql·
662 4382 780 4435 naturaie
790 4379 929 4451 Ἀθηναίων
942 4382 991 4436 des
1004 4377 1179 4434 Aristoteles.
1209 4376 1373 4433 Berl.1893.

355 4453 383 4518 6)
410 4453 428 4505 l.
459 4467 508 4520 .p.
527 4455 585 4516 237,
603 4454 620 4506 2
639 4455 662 4508 5.
1120 4452 1123 4457 '
