3396 5278
711 483 914 584 *nn-—

251 686 346 754 Allel-
362 687 565 770 ullxxvll
578 688 610 752 3.
630 688 737 754 senon
759 687 811 754 lle
829 687 903 769 Equ.
922 690 988 754 ll5l.
1069 689 1146 752 ΡοΙΙ.
1171 688 1242 754 lllll.
1266 689 1329 755 len.

381 804 383 808 v
472 821 474 826 ¹
629 843 731 926 κημὸς
754 841 770 904 6
794 842 844 908 ἐπὶ
861 819 915 933 τοῦ
932 863 989 904 κα·
1018 819 1125 924 κάδος,
1147 839 1289 927 ᾠκημὸς
1305 840 1375 905 ἐπέ-

557 1029 559 1034 .
628 943 759 1027 δίσκου,
791 945 834 1019 εἰς
849 1027 851 1034 J
868 945 909 1030 dn
934 945 989 1020 τοῖς
1018 966 1106 1034 κειτο
1128 943 1165 1008 δι’
1183 949 1219 1008 ού
1242 944 1376 1010 καθίετο

499 1130 500 1134 ¹
628 1047 751 1131 ψήφους
776 1044 933 1136 καθίεσαν
956 1047 989 1111 ἐν
1017 1047 1176 1134 ηψηφος.

628 1157 693 1227 τοῖς
764 1149 985 1236 δικαστηρίοις.
1103 1213 1127 1236 Ι,
1173 1213 1174 1218 ,

628 1252 781 1338 Κρατῖνος
825 1251 858 1315 δὲ
896 1253 989 1317 αὐτὸν
1021 1313 1043 1338 ,,
1070 1335 1072 1343 y

573 1421 575 1428 ,
628 1355 661 1421 ἐν
689 1352 804 1442 Νύμοις
837 1353 989 1445 σχοίνινον
1059 1344 1062 1361 ί

628 1451 735 1546 ἠθμὸν
758 1459 865 1542 καλεῖ,
890 1469 989 1523 τοιοῦ-

629 1584 680 1638 τος
702 1564 763 1646 γὰρ
786 1561 905 1646 ἐγίνετο
935 1567 990 1628 καὶ

629 1667 669 1754 ην
696 1665 863 1750 παρόμοιος
885 1665 987 1752 χώνη,

541 1765 543 1768 ’
629 1767 670 1844 ὡς
693 1771 747 1832 καὶ
766 1769 934 1854 Σοφοκλῆς
958 1769 990 1835 ἐν

629 1869 759 1956 Ἰνάχῳ.
796 1873 925 1956 ὕστερον
957 1875 990 1938 δὲ

238 1973 310 2064 ,εἰσί
332 1971 358 2036 δ’
381 1973 529 2058 ἀμφορεῖς
556 1973 609 2038 δύο
630 1976 778 2059 ἀμφορεῖς
795 1973 848 2038 δύο
862 1977 989 2040 ἵσταντο
1019 1977 1112 2052 αύύις
1135 1975 1168 2038 δὲ
1200 1975 1253 2038 δύο
1276 1975 1375 2061 ἀμφο-

251 2075 387 2162 κείμενοι
409 2076 443 2140 ἐν
462 2083 506 2160 τῷ
522 2077 609 2140 δικα-
630 2077 663 2140 ἐν
686 2087 750 2154 τοῖς
766 2077 987 2164 δικαστηρίοις,
1018 2089 1081 2164 ρεῖς

251 2179 379 2264 στηρίῳ,
408 2179 424 2242 6
450 2181 504 2264 μὲν
527 2179 610 2264 χαλ·
630 2181 646 2244 6
671 2182 726 2264 μὲν
741 2180 897 2266 χαλκοῦς,
923 2181 988 2245 ύδὲ
1019 2183 1034 2244 6
1058 2184 1114 2267 μὲν
1136 2183 1287 2268 χαλκοῦς,
1311 2181 1376 2245 ύδὲ

250 2293 336 2366 κοῦς,
369 2283 386 2346 6
419 2281 452 2345 δὲ
477 2280 608 2366 ξύλινος,
630 2283 761 2364 ξύλινος,
1018 2285 1148 2368 ξύλινος,

250 2385 416 2469 διαίρετοι,
452 2387 534 2463 ὅπως
567 2388 610 2471 μὴ
868 2417 872 2420 ·
1090 2411 1093 2420 “

250 2488 611 2575 προυποβοίλλωνταιψη-
702 2498 704 2502 ’

250 2614 314 2676 φοι,
336 2593 378 2668 εἰς
392 2593 445 2668 οὓς
460 2591 610 2678 ψηφίζον-

251 2681 301 2758 eon
333 2695 361 2757 οῖ
393 2693 559 2778 δικασταί,
595 2697 611 2760 6
1253 2771 1255 2778 ⁴

251 2797 307 2881 μὲν
325 2797 468 2884 χαλκοῦς
491 2799 608 2884 κύριος,
631 2801 685 2861 καί
708 2798 724 2861 6
748 2800 803 2883 μὲν
818 2797 921 2881 κύριος
936 2799 988 2882 ἡν,
1019 2801 1035 2864 6
1060 2801 1116 2885 μὲν
1147 2799 1262 2882 κύριος,
1296 2797 1312 2859 6
1344 2795 1377 2856 δὲ

250 2901 322 2966 ύδὲ
339 2901 458 2979 ξύλινος
481 2903 646 2987 ἄκυρος,ὁ
678 2902 712 2964 δὲ
746 2903 880 2984 ἄκυρος,
922 2899 990 2985 ἔχει
1019 2905 1145 2986 ἄκυρος,
1164 2909 1207 2984 τῷ
1219 2897 1377 2984 δὲχαλκῷ

251 3007 318 3088 ἔχει
356 3003 382 3068 δ’
415 3005 431 3068 6
468 3006 610 3090 χαλκοῦς
630 3004 658 3068 δ’
695 3004 711 3066 6
749 3003 911 3088 χαλκοῦς,
951 3004 991 3078 ὥς
1020 3006 1098 3090 ἐπῆν
1137 3002 1282 3089 ἐπίθημα
1324 3011 1377 3088 μιᾷ

251 3107 395 3194 ἐπίθημα
422 3107 609 3196 διερρινημέ-
629 3129 736 3194 φησιν,
753 3105 989 3192 Ἀριστοτέλης,
1019 3107 1115 3194 ψήφῳ
1138 3107 1245 3194 χώραν
1268 3107 1353 3190 ἔχον.

251 3232 301 3274 νον
311 3211 380 3288 ὥςτ’
397 3213 498 3297 αύτην
513 3212 611 3298 μύνην
630 3211 856 3297 διερρινημὲνον
927 3211 991 3274 ἐπί-

251 3323 364 3397 χωρεῖν
398 3315 456 3398 την
490 3315 608 3399 ψῆφον,
631 3315 737 3400 ύημα,
768 3315 810 3390 εἰς
833 3317 868 3377 τὸ
892 3315 991 3397 αὐτην

251 3411 300 3478 ἵνα
328 3418 371 3502 μη
403 3417 457 3481 δύο
480 3417 496 3481 6
520 3419 612 3493 αὐτὸς
632 3417 728 3504 μύνην
744 3419 803 3502 την
818 3417 923 3502 ψῆφον
934 3438 991 3479 κα-

252 3519 367 3606 βαλλη.
631 3517 775 3585 θύεσθαι.

242 3821 263 3849 ,,
352 3775 512 3842 Pollucem
536 3795 574 3842 ne
597 3795 633 3844 ex
651 3777 719 3858 ipen
734 3775 904 3842 Aristotele
922 3775 1106 3852 derivemne‚
1124 3791 1185 3838 non
1201 3773 1266 3838 lem
1280 3772 1378 3851 loeus,

251 3880 365 3948 ubido
389 3881 445 3946 lieo
467 3901 500 3946 re
523 3880 708 3964 disputatur,
743 3881 834 3964 longe
857 3880 976 3946 dieiene
1000 3879 1038 3946 eb
1061 3879 1135 3956 illie,
1167 3877 1222 3942 nbi
1244 3877 1378 3960 vestigio

251 3984 438 4052 enetotelee
459 3986 682 4062 remanserunt,
714 4003 769 4050 nos
792 3983 938 4062 abstinet,
965 4001 1024 4048 non
1047 3984 1112 4048 dem
1135 3981 1214 4046 radio
1236 3979 1377 4044 Pollucis

250 4086 281 4149 in
304 4087 388 4152 lente
412 4087 599 4168 excerpendo
622 4086 747 4153 aliunde
768 4088 850 4162 nole,
882 4105 974 4168 qnam
1007 4104 1043 4150 ee
1071 4103 1130 4162 ree,
1162 4082 1244 4166 quod
1277 4079 1379 4166 κημύς

250 4190 281 4252 el
304 4189 453 4274 ἀμφορεῖς
473 4190 551 4256 ilem
574 4190 667 4272 alque
688 4189 721 4253 in
744 4189 840 4254 sohel.
864 4189 1089 4272 Aristophaneo
1111 4187 1192 4252 inter
1214 4203 1281 4250 eeee
1304 4201 1377 4247 eon·

249 4292 420 4376 junguntur
442 4295 474 4358 el
495 4311 553 4358 vox
575 4293 669 4368 αὖθις
691 4291 856 4375 respondet
878 4292 1028 4357 voeabnlo
1051 4293 1180 4374 ὕστερον
1201 4288 1234 4352 in
1250 4285 1377 4352 scholio.

250 4395 368 4462 Deinde
399 4414 470 4462 enm
491 4396 605 4462 Pollux
635 4415 652 4460 e
683 4395 850 4462 enholiaele
872 4396 938 4460 sine
963 4394 1056 4460 dnbio
1079 4412 1141 4459 non
1164 4390 1310 4468 hauserit,
1341 4407 1379 4452 ne
