3396 5278
871 515 914 579 88

328 724 410 790 hunc
431 721 557 806 quidem
580 720 649 803 ipso
663 717 832 786 Aristotele
854 737 945 785 usum
968 735 1035 785 8888
1051 717 1223 785 similitudo
1238 737 1309 785 cum
1325 715 1453 786 Polluce

328 826 424 892 88181.
468 825 551 908 11188
578 823 707 906 uterque
729 822 769 888 ad
791 841 887 888 unum
909 823 1102 904 eundemque
1124 821 1241 888 iontem
1263 819 1453 888 revocandus

329 932 386 995 est.
431 927 526 994 Cuius
548 926 642 993 fontis
665 945 839 994 sermonem
860 925 957 992 schol.
972 926 1104 992 Aristot.
1127 926 1204 992 satis
1226 926 1383 1009 integrum
1405 944 1454 990 re-

328 1031 457 1116 liquisse
479 1029 612 1110 videtur,
635 1029 718 1113 quod
737 1030 804 1114 jam
825 1047 862 1095 ea
883 1049 917 1094 re
933 1029 1158 1112 comprobatur,
1181 1029 1255 1113 quia
1267 1028 1364 1095 188188
1379 1027 1454 1095 Gra-

327 1135 439 1213 tinum‚
457 1131 649 1216 Sophoclem,
669 1131 871 1198 Aristotelem
891 1150 952 1198 non
967 1131 1100 1197 resecuit
1113 1132 1145 1198 81
1159 1131 1293 1214 ineptiae
1309 1131 1453 1196 acetaria

328 1236 553 1320 lexicographis
575 1234 607 1300 in
624 1234 683 1300 hac
696 1233 802 1320 glossa
817 1235 956 1317 prolatae
970 1233 1042 1300 inde
1057 1233 1205 1300 facillime
1220 1233 1454 1316 intelleguntur.

329 1339 456 1405 Glossas
478 1339 562 1404 enim
584 1335 687 1424 κημὸς
708 1337 741 1403 81
761 1336 923 1424 ἀμφορεῖς,
947 1356 1024 1422 qnae
1043 1337 1125 1421 apud
1139 1337 1301 1404 Pollucem
1316 1337 1349 1402 et
1364 1336 1455 1401 scho-

328 1443 455 1508 liastam
485 1440 667 1524 conjunctae
697 1439 851 1525 leguntur,
883 1439 1055 1526 disjunctae
1086 1440 1175 1507 nobis
1205 1439 1289 1524 apud
1319 1440 1396 1507 alios
1423 1441 1455 1504 et

328 1544 560 1628 lexicographos
591 1544 624 1610 et
653 1544 837 1610 scholiastae
868 1547 1041 1610 occurrunt.
1094 1545 1210 1609 Vocem
1232 1542 1336 1630 κημὸς
1356 1544 1454 1608 inter·

328 1650 491 1732 pretantur
512 1647 593 1712 Poll.
617 1647 771 1728 V111.17‚
795 1647 887 1713 Phot.
910 1667 935 1713 8.
958 1667 987 1712 8.
1009 1677 1047 1704 =
1072 1647 1158 1713 Suid.
1180 1648 1223 1731 81.
1246 1648 1277 1725 2,
1301 1647 1359 1712 lex.
1382 1647 1454 1728 Seg.

327 1751 366 1816 V.
386 1750 460 1816 275.
476 1750 528 1829 28,
551 1751 609 1816 lex.
626 1749 714 1816 Cant.
732 1769 757 1816 8.
773 1770 813 1830 8.,
836 1751 971 1836 Hesyah.
995 1771 1018 1816 8.
1042 1771 1081 1830 8.,
1106 1751 1202 1820 schol,
1218 1752 1273 1816 Ar.
1290 1749 1385 1834 Vesp.
1401 1749 1455 1812 99.

328 1854 390 1934 Qui
420 1855 448 1919 si
478 1853 586 1919 dicunt
616 1853 675 1919 hoo
704 1855 867 1920 vasculum
898 1855 1001 1921 simile
1033 1855 1127 1920 inisse
1158 1853 1452 1941 ἠ1μῷ881χὼνῃ,

328 1956 386 2022 hoc
409 1955 595 2022 vocabulum
617 1955 794 2040 Sophocles,
817 1956 898 2023 illud
920 1956 1064 2024 Cratinus
1087 1977 1103 2022 8
1126 1957 1231 2042 818888
1252 1956 1389 2039 pleniore
1411 1957 1454 2020 eis

329 2058 615 2142 suppeditaverunt.
673 2058 787 2125 Contra
819 2061 880 2126 soli
912 2061 1062 2126 vocabulo
1096 2061 1245 2146 ἀμφορεῖς
1275 2058 1455 2143 explicando

330 2162 425 2229 schol.
447 2164 502 2228 Ar.
526 2161 619 2246 Vesp.
642 2161 705 2226 987
730 2181 854 2246 operam
877 2163 972 2229 dedit.

329 2419 365 2500 lt)
397 2420 427 2484 in
459 2421 576 2501 8188818
606 2417 861 2502 πρυτάνεις,
895 2415 1157 2500 πρυτανεία,
1190 2425 1454 2501 πρυτανεῖα,

697 2519 825 2605 couplet
857 2519 1091 2606 ἐκκλησία.

430 2675 503 2742 dam
514 2675 724 2741 Wilamouitz
735 2675 760 2758 ¹)
784 2675 1051 2751 animadverterat,
1074 2668 1223 2757 posteros,
1247 2672 1456 2756 quidcumque

329 2778 368 2844 dc
398 2777 551 2844 institutis
578 2776 780 2862 judicialibus
813 2780 1000 2857 enarrarent,
1031 2797 1067 2842 er
1097 2777 1265 2844 Aristotele
1297 2775 1456 2860 cognitum

328 2882 451 2948 habere.
505 2881 595 2962 Quod
626 2883 653 2948 si
682 2882 717 2948 hi
748 2883 871 2967 saepius
894 2885 1073 2948 erraverunt
1096 2882 1128 2947 et
1149 2879 1229 2947 18188
1250 2879 1455 2954 tradiderunt,

329 3003 388 3050 non
413 2985 513 3050 solum
536 2987 674 3068 ipsorum
696 2986 788 3070 culpa
810 2987 867 3065 881,
891 2985 946 3052 sed
965 2985 1032 3070 jam
1055 2987 1133 3064 eius,
1156 2985 1209 3068 qni
1231 2983 1350 3067 primus
1365 2981 1456 3047 libel-

330 3087 397 3152 lum
426 3087 463 3152 de
485 3088 657 3172 Republica
678 3089 917 3154 Atheniensium
939 3089 998 3155 hoc
1020 3089 1149 3155 consilio
1172 3087 1326 3170 spoliarit.
1371 3085 1456 3166 Quae

329 3189 450 3274 glossae
483 3191 522 3258 ab
544 3191 605 3258 alio
628 3193 728 3277 magis
751 3193 790 3259 ab
815 3194 876 3260 8118
898 3193 1002 3260 minus
1025 3192 1191 3277 diligenter
1213 3189 1382 3273 exscriptae
1404 3207 1456 3252 er·-

330 3293 513 3376 oerptacque
534 3297 567 3360 iu
589 3313 625 3360 ea
646 3296 822 3379 glossarum
845 3302 970 3378 corpora
997 3295 1213 3378 pervenerunt,
1245 3311 1322 3376 quae
1345 3292 1456 3357 etiam-

330 3414 411 3460 nunc
433 3396 589 3479 leguntur.
635 3399 738 3481 Atque
765 3419 837 3466 oum
859 3399 1045 3466 Aristoteles
1068 3399 1177 3464 dehis
1200 3397 1292 3462 rebus
1315 3395 1456 3462 diffusius

331 3496 525 3566 disseruisset
547 3519 645 3582 neque
668 3502 871 3568 minutiarum
893 3502 1008 3567 oblitus
1031 3501 1123 3582 esset,
1153 3501 1185 3566 in
1218 3499 1272 3579 818,
1305 3517 1384 3582 quae
1406 3496 1457 3561 hic

331 3601 496 3669 memoriae
518 3602 663 3686 prodidit,
695 3606 722 3670 ia
746 3607 799 3688 qui
821 3606 939 3689 primus
966 3605 1087 3687 glossas
1119 3605 1231 3689 coegit,
1263 3601 1457 3685 acquiescere

330 3703 433 3783 potnit
455 3706 486 3770 81
507 3725 613 3771 revera
635 3708 799 3790 acquievit.
844 3707 905 3774 Sed
934 3707 1014 3773 ratio
1044 3707 1113 3789 ipsa
1143 3707 1225 3773 inter
1255 3703 1456 3770 Aristotelem

331 3805 362 3868 et
391 3805 483 3871 illum
513 3809 688 3890 glossarum
719 3809 898 3893 scriptorem
929 3811 1111 3892 primarium
1142 3810 1175 3874 in
1206 3811 1297 3876 rebus
1324 3807 1457 3893 publicis

330 3924 389 3971 non
413 3905 476 3972 alia
498 3910 546 3973 881
568 3910 660 3992 atque
681 3911 714 3976 in
736 3911 829 3978 rebus
847 3911 1060 3996 judicialibus.
1105 3911 1199 3978 Cuius
1222 3913 1268 3978 rei
1289 3912 1457 3978 documen·

329 4007 397 4072 tum
420 4009 497 4076 88118
519 4009 715 4078 luculentum
743 4013 776 4078 id
798 4014 849 4093 811,
881 4013 964 4098 quod
994 4015 1111 4097 posteri
1142 4013 1181 4082 de
1211 4014 1394 4100 prytanibus
1426 4014 1459 4086 et

330 4112 480 4195 prytaniis
517 4116 654 4181 narrant.
709 4115 884 4183 Scholiasta
920 4118 1061 4186 Platonis
1098 4119 1180 4204 1888.
1217 4119 1292 4184 Xll.
1329 4117 1395 4182 953
1433 4115 1457 4182 Ο

435 4426 460 4495 1)
478 4427 495 4481 1.
514 4427 531 4481 l.
551 4427 570 4481 1.
588 4442 613 4496 p.
631 4427 692 4483 204.
