3408 5276
878 499 921 562 26

440 706 519 771 Saue
542 707 680 788 pleniore
703 706 880 771 recensione
901 705 992 770 lerioi
1016 703 1085 788 Seg.
1109 704 1147 770 V.
1170 703 1216 769 uti
1239 706 1370 788 poterat,
1401 705 1462 769 ior-

335 811 419 874 tasse
442 809 536 872 etiam
559 827 633 872 usus
668 808 729 885 est,
762 827 947 890 quamquam
980 808 1122 872 omuibus
1145 807 1256 890 glossis
1280 807 1462 890 diligentius

335 911 470 977 nondum
503 911 602 977 denuo
635 911 815 976 examinatis
838 914 869 976 et
892 929 963 976 cum
989 911 1098 976 Photio
1122 911 1252 994 aliisque
1276 912 1460 992 comparatis

336 1014 437 1079 uerbis
462 1012 645 1097 Boysenii¹)
678 1014 751 1078 solis
784 1013 875 1077 fidem
907 1013 1019 1078 babere
1049 1030 1111 1078 non
1143 1031 1279 1095 possum.
1332 1013 1368 1078 ln
1399 1032 1461 1078 uua

335 1117 418 1182 enim
450 1116 561 1181 saltem
591 1117 696 1199 glossa
727 1115 803 1194 πνὺξ
838 1117 901 1200 (Mt.
925 1117 969 1181 M.
992 1115 1066 1180 677.
1089 1117 1147 1194 45)
1185 1116 1365 1200 explicanda
1396 1116 1462 1182 siue

336 1218 400 1284 ulla
422 1217 615 1284 dubitatione
638 1221 759 1286 erravit.
805 1221 882 1284 llam
901 1220 1017 1304 justius
1040 1239 1109 1285 cum
1133 1219 1244 1284 Photio
1267 1239 1292 1285 s.
1314 1239 1343 1284 v.
1367 1238 1460 1302 quarn

336 1341 407 1389 cum
429 1323 486 1387 lex.
504 1321 575 1406 Seg.
592 1323 630 1388 V.
647 1322 720 1388 292.
732 1322 775 1387 30
797 1325 1000 1406 comparabis.
1035 1324 1081 1389 De
1105 1324 1323 1389 altercantem
1340 1322 1460 1403 (MtM.

335 1425 408 1490 699.
437 1427 474 1488 14
496 1425 650 1510 πάραλος)
684 1427 852 1508 disceptari
874 1427 1051 1492 etiamnunc
1073 1428 1160 1504 licat,
1195 1428 1300 1490 utrum
1332 1426 1371 1490 ad
1402 1426 1460 1490 lex.

337 1529 406 1612 Sag.
430 1529 468 1594 V.
491 1527 564 1593 293.
588 1529 608 1592 3
632 1548 669 1593 an
689 1528 728 1594 ed
751 1529 840 1594 Phot.
866 1549 892 1596 s.
919 1548 945 1594 v.
970 1529 1084 1594 collata
1111 1529 1217 1613 glossa
1239 1527 1391 1612 παράλιον
1423 1545 1461 1592 an

336 1632 374 1696 ad
397 1632 494 1714 Harp.
518 1652 542 1696 s.
565 1651 593 1696 v.
626 1632 736 1698 melius
760 1632 897 1714 quadret.
956 1633 1015 1698 Sed
1047 1634 1089 1697 sit
1120 1634 1177 1698 hoc
1208 1651 1323 1707 verum,
1355 1632 1459 1696 tamen

335 1737 465 1818 glossae,
490 1733 675 1818 aBoysenio
698 1754 714 1799 e
737 1735 841 1800 littera
865 1735 895 1800 Π
917 1737 1038 1800 tantum
1063 1736 1252 1818 collectae²)‚
1277 1735 1315 1800 ad
1338 1736 1462 1799 senten·

336 1839 412 1902 tiam
436 1857 538 1902 meam
560 1838 753 1902 refutandam
775 1839 853 1902 nihil
875 1839 988 1904 ualent.
1028 1838 1111 1904 Nam
1134 1857 1254 1921 semper
1276 1837 1325 1902 ut.
1342 1837 1385 1902 M.
1408 1856 1460 1901 ao-

336 1942 467 2023 quiescit
498 1943 551 2007 aut
583 1943 614 2006 in
646 1943 833 2008 testimoniis
860 1944 998 2008 veterum
1021 1943 1206 2008 adnotandis
1229 1943 1283 2008 aut
1304 1942 1337 2006 in
1360 1940 1460 2006 verbis

336 2046 442 2127 paucis
465 2047 497 2109 et
518 2046 752 2129 transponendis
783 2053 813 2112 at
836 2047 995 2113 addendis.
1042 2048 1217 2129 Numquam
1242 2065 1293 2110 res
1316 2065 1333 2110 a
1358 2047 1460 2109 lexico

336 2150 410 2232 Sep.
435 2149 472 2213 V.
498 2151 642 2214 incohata
675 2152 722 2215 ria
754 2171 792 2215 ao
824 2155 943 2216 ratione
975 2153 1014 2216 ab
1039 2151 1086 2217 [r.
1111 2152 1156 2217 M.
1182 2168 1278 2234 porro
1300 2152 1460 2221 tractatur,
1507 2153 1509 2162 ’

334 2251 365 2316 id
389 2251 469 2334 quod
492 2254 595 2318 nostro
619 2253 686 2320 loco
708 2253 775 2320 fieri
798 2255 919 2320 uidetur
942 2257 973 2320 et
987 2255 1069 2338 quod
1085 2254 1206 2319 tamdiu
1221 2271 1327 2318 revera
1343 2252 1459 2316 factum

335 2375 401 2422 esse
425 2356 513 2422 nobis
536 2357 723 2422 credendum
746 2362 822 2436 erat,
845 2359 918 2423 dum
943 2359 1005 2424 alia
1027 2358 1142 2422 auxilia
1164 2355 1337 2421 doluerunt.
1370 2353 1460 2416 Nunc

334 2462 391 2526 lor.
408 2461 463 2525 illo
480 2461 718 2526 Demosthenico
743 2465 822 2525 toras
846 2463 928 2539 dato,
957 2462 1095 2543 quaestio
1118 2461 1213 2524 aliam
1236 2459 1319 2522 viam
1340 2453 1460 2538 ingredi

335 2563 425 2626 debet
451 2564 483 2626 ct
505 2562 555 2626 hic
577 2563 656 2627 liber
678 2582 773 2644 aeque
796 2565 888 2644 atque
912 2565 970 2628 lex.
996 2563 1066 2645 Seg.
1091 2563 1129 2627 V.
1152 2561 1239 2626 nobis
1266 2557 1457 2623 adhibendus

334 2769 455 2834 tissimo
470 2768 631 2834 Patmiaco
656 2787 734 2834 saec.
751 2769 779 2834 X
804 2787 862 2833 non
879 2769 997 2834 scholia
1014 2767 1252 2834 Demosthenico
1271 2767 1380 2842 inesse,
1406 2761 1461 2826 sed

334 2891 443 2956 corpus
465 2872 639 2956 glossarum
671 2891 686 2936 e
717 2872 943 2956 lexicograpbis
966 2871 1086 2954 graecis
1109 2872 1335 2954 congestarum.
1379 2867 1460 2948 llrgo

333 2976 390 3042 lex.
414 2975 516 3040 Patro.
542 2973 648 3039 eadem
680 2993 712 3039 re
745 2994 806 3058 qua
840 2975 899 3040 lex.
931 2975 1001 3058 Seg.
1035 2976 1073 3039 V.
1105 2973 1208 3056 Etym.
1240 2973 1283 3036 M.
1316 2971 1457 3050 superat:

332 3078 387 3142 illa
431 3097 527 3142 unum
573 3078 687 3142 iontem
729 3078 760 3142 in
798 3098 980 3162 unaquaque
1018 3079 1122 3162 glossa
1159 3076 1355 3152 describunt,
1400 3073 1457 3136 troc

332 3181 433 3246 uarios
466 3179 625 3246 confundit
656 3182 687 3245 et
719 3181 882 3246 contrahit.
936 3182 1054 3262 Quibus
1082 3179 1224 3244 omnibus
1248 3177 1405 3262 perpensis
1429 3175 1458 3238 et

332 3284 518 3367 proprietate
549 3285 621 3350 talis
653 3286 788 3368 corporis
812 3285 1021 3369 Etymologici
1052 3283 1247 3350 considerata
1274 3281 1334 3346 nisi
1356 3281 1458 3344 mente

332 3388 554 3468 praeoccupata
587 3407 605 3451 a
636 3389 753 3452 memet
773 3389 841 3472 ipso
864 3389 1021 3472 postulare
1044 3406 1103 3452 non
1128 3405 1264 3469 possum,
1295 3385 1331 3449 ut
1352 3383 1458 3446 aucto·

331 3489 418 3554 ritati
434 3486 666 3556 Wilamouituii
693 3492 803 3556 cedens
827 3491 949 3556 credam
972 3491 1066 3556 verba
1088 3487 1331 3572 Atthidogruphi
1354 3487 1456 3551 ouius-

333 3593 404 3658 dam
427 3591 470 3656 IV
493 3591 542 3658 uel
565 3592 594 3656 V
617 3612 695 3658 saec.
720 3614 746 3657 a.
771 3591 840 3658 Chr.
865 3612 962 3675 usque
985 3592 1024 3657 ed
1047 3592 1087 3657 X.
1110 3612 1140 3674 p.
1164 3590 1233 3656 Chr.
1258 3609 1348 3670 saec..
1376 3589 1406 3652 h.
1430 3608 1457 3656 e.

331 3697 363 3760 id
387 3697 521 3778 tempus,
546 3715 605 3778 quo
629 3695 850 3762 Constantinus
869 3695 1179 3780 Porphyrogennetus
1201 3694 1259 3759 tali
1282 3695 1385 3760 studio
1408 3711 1457 3756 ex-

333 3797 477 3878 cerpendi
494 3801 526 3864 et
541 3799 771 3864 contaminandi
787 3799 920 3877 favebat,
943 3799 1064 3883 integra
1078 3799 1229 3864 mansisse
1246 3800 1277 3864 ei
1291 3817 1356 3864 rem
1375 3787 1457 3879 apud

332 3901 382 3964 Et.
398 3899 441 3965 M.
458 3901 570 3967 melius
593 3901 725 3967 describi
747 3921 839 3986 quam
863 3901 893 3966 in
912 3901 1089 3968 Aristotelis
1111 3901 1217 3966 libello
1235 3904 1271 3966 de
1287 3900 1458 3984 Republica

332 4003 580 4070 Atheniensium.

331 4165 588 4173 ———--.-—-—.

491 4261 532 4315 ,1.
572 4304 576 4315 .
631 4303 636 4314 .

433 4263 461 4414 {i
479 4262 730 4483 Ι1011ξί1]71ἒ1ἐοποωί
747 4362 833 4416 supra
850 4363 875 4416 p.
896 4348 975 4417 13.14
1001 4351 1084 4404 aliter
1110 4351 1255 4417 explicare
1273 4349 1454 4410 tentavimus,

433 4433 463 4501 3)
481 4433 498 4486 l.
518 4433 534 4486 l.
554 4447 579 4500 p.
598 4433 632 4486 82
651 4473 656 4485 .
