3396 5278
764 501 826 565 129

224 705 328 788 junxit
341 705 522 791 διωμοοίον,
540 706 749 793 deturpentur,
765 707 964 794 opponeretur,
982 705 1164 795 ἐξωμοσίαν,
1182 709 1236 775 illc
1251 709 1288 794 ἐξ
1304 710 1355 790 55,

227 807 271 870 56
292 807 502 892 προωμοσίαν,
527 807 736 895 scameras,
755 809 934 896 διωμοσίον,
952 809 1136 896 ἐξωμοσίαν,
1158 810 1352 896 despectam

229 910 330 976 Aliter
359 929 408 975 res
439 930 472 976 se
503 910 597 976 habet
626 911 659 976 in
690 913 858 995 posteriore
889 915 985 995 parte,
1019 913 1073 978 ubi
1094 913 1216 992 Pollux,
1249 915 1356 996 quales

227 1012 342 1079 fuerint
380 1014 583 1096 magistratus
616 1015 758 1094 Athenis,
797 1033 947 1098 exponere
984 1015 1105 1082 studuit
1143 1018 1175 1080 et
1209 1033 1356 1098 prospero

228 1117 340 1180 eventu
362 1115 564 1184 Auistotelem
587 1116 674 1182 adiit.
719 1117 843 1184 Psellns
865 1137 964 1201 neque
985 1118 1044 1184 hoc
1065 1137 1164 1200 neque
1186 1118 1267 1184 illud
1289 1138 1356 1184 mo·

227 1219 303 1286 litus
325 1220 373 1286 est
394 1224 434 1298 et,
459 1219 486 1284 si
507 1221 614 1286 contra
634 1221 733 1302 ipsius
751 1222 943 1288 voluntalem
963 1221 1135 1303 permultos
1152 1221 1355 1304 magistratus

231 1321 346 1400 attulit,
370 1322 428 1387 hoc
452 1321 531 1386 sonti
552 1323 619 1406 ejus
642 1342 702 1388 non
725 1323 786 1406 ipsi
808 1325 927 1390 auctori
948 1324 1056 1390 honori
1076 1324 1274 1391 tribuendum
1298 1326 1354 1391 est.

229 1425 300 1506 lpse
334 1425 415 1490 enim
449 1425 508 1490 hac
538 1427 571 1490 in
593 1427 682 1508 parte
703 1426 737 1500 id
769 1427 891 1493 tantum
915 1427 1056 1511 agitavit,
1090 1428 1126 1494 ut
1157 1445 1247 1494 voces
1279 1447 1355 1494 non-

228 1527 340 1606 nullas,
372 1547 450 1610 quas
473 1529 634 1612 discipulis
657 1531 722 1596 suis
744 1531 958 1598 minus-notas
980 1531 1051 1622 iorex
1068 1533 1215 1614 speraret,
1250 1532 1355 1614 expla-

227 1633 325 1698 naret.
370 1630 439 1712 Qua
468 1653 502 1698 re
525 1633 642 1700 tactum
666 1637 723 1714 est,
757 1637 801 1714 ut,
836 1654 915 1718 qnae
948 1635 1061 1702 Pollux
1089 1637 1156 1720 jam
1190 1636 1291 1717 priore
1321 1637 1353 1700 in

228 1736 315 1818 parte
337 1737 544 1815 tractavisset,
575 1736 708 1817 Psellus,
740 1738 871 1804 fortasse
902 1738 976 1822 quia
997 1738 1045 1804 his
1068 1738 1159 1803 rebus
1182 1738 1262 1802 nihil
1284 1757 1355 1804 cum

228 1841 402 1906 actionibus
425 1859 586 1906 commune
609 1860 676 1906 esse
699 1841 837 1920 sentiret,
871 1843 904 1907 in
927 1842 1058 1908 alteram
1089 1843 1211 1923 portem
1233 1841 1354 1924 relega-

229 1945 289 2028 ret,
316 1944 357 2009 ci.
382 1950 400 2022 ᾗ
423 1942 465 2008 32
488 1943 693 2029 λουτροφόρος
717 1973 755 2002 =
778 1945 860 2010 Poll.
883 1945 970 2011 VIII.
993 1943 1054 2021 66;
1089 1944 1107 2027 ξ
1129 1942 1172 2007 83
1195 1943 1266 2027 δόρυ
1290 1941 1354 2020 ἑξε-

228 2056 352 2132 νεγκεῖν
376 2074 414 2104 =
439 2047 520 2114 Poll.
552 2047 638 2113 VIII.
660 2049 722 2126 653
753 2049 837 2126 §46
858 2047 1066 2134 &nicolettus
1089 2075 1130 2106 =
1152 2047 1234 2112 Poll.
1267 2047 1352 2111 VIII.

229 2151 280 2215 50.
325 2151 369 2216 At
403 2169 590 2234 quamquam
629 2150 661 2216 in
692 2151 783 2216 rebus
814 2151 1014 2234 disponendis
1051 2150 1193 2215 nonnihil
1227 2169 1355 2215 consen-

226 2255 320 2333 tinnt,
352 2254 434 2337 quod
466 2255 505 2319 ad
527 2256 744 2337 argumentum
767 2255 889 2332 attinet,
915 2256 994 2318 alter
1016 2253 1055 2318 ab
1078 2253 1176 2318 altero
1198 2253 1275 2318 satis
1298 2255 1354 2318 ab·

227 2359 340 2424 horret.
385 2357 467 2438 Quid
497 2360 604 2422 nune?
647 2357 757 2423 Nonne
789 2358 913 2424 turbem
944 2357 1079 2422 movisse
1111 2355 1226 2434 videor,
1259 2374 1351 2437 quam

227 2463 294 2544 ipse
316 2461 422 2528 sedere
445 2480 503 2527 non
524 2461 665 2544 possim?
696 2461 836 2527 Psellnm
852 2462 885 2526 in
898 2461 1004 2526 ordine
1020 2479 1122 2525 rerum
1138 2479 1209 2524 cnm
1224 2459 1354 2524 Polluce

227 2565 336 2642 lacere,
367 2564 399 2628 io
432 2566 616 2647 argumento
638 2564 677 2630 ab
700 2565 806 2631 eodem
829 2564 1002 2646 discrepare
1025 2563 1106 2642 dixi;
1138 2564 1207 2627 tum
1230 2561 1354 2642 Suidee,

226 2668 295 2731 tum
329 2665 387 2732 lex.
412 2666 483 2749 Seg.
505 2666 543 2747 V,
574 2667 642 2732 tum
673 2667 730 2732 lex.
763 2668 835 2751 Seg.
857 2668 902 2732 IV
934 2687 1002 2732 eum
1035 2665 1260 2750 adstipulatum
1288 2683 1354 2732 esse

228 2769 380 2835 contendi.
425 2768 584 2849 Quomodo
615 2771 670 2835 has
701 2773 810 2852 sponte
832 2771 948 2836 relatas
970 2769 1162 2852 maximeque
1184 2769 1266 2834 inter
1287 2787 1354 2834 sose

226 2872 436 2938 concertantes
468 2872 637 2938 sententias
668 2891 717 2936 me
749 2873 974 2954 dirempturum
996 2891 1063 2938 esse
1086 2874 1203 2954 spero?
1253 2871 1353 2936 Cardo

226 2977 322 3042 totius
343 2978 398 3056 rei,
429 2996 521 3060 quem
543 2982 666 3042 strenue
688 2995 739 3041 me
761 2978 918 3059 praestare
941 2995 1030 3060 posse
1053 2975 1153 3053 eredo,
1184 2974 1264 3040 illud
1287 2977 1353 3041 est:

226 3081 368 3147 Psellnm
394 3100 465 3146 cum
488 3081 563 3146 alibi
595 3079 651 3165 (oi.
675 3080 809 3167 edddorp,
834 3080 960 3164 ἕνδεκα,
986 3076 1155 3165 διαιτηταί,
1180 3077 1352 3163 ἐπώνυμοι)

227 3184 428 3250 Aristotelem
459 3186 625 3267 spreverit,
656 3185 688 3248 in
720 3203 793 3250 voce
825 3184 947 3268 τριττῦς
978 3203 997 3248 a
1034 3182 1119 3248 fonte
1154 3201 1210 3247 suo
1243 3181 1283 3247 ad
1313 3182 1353 3246 li-

227 3286 345 3352 bellum
359 3285 543 3372 Ἀθηναίων
565 3286 707 3351 πολιτεία
729 3288 861 3352 relatum
885 3305 961 3352 esse.
1007 3284 1095 3366 Quod
1118 3303 1150 3349 re
1174 3304 1246 3350 vera
1268 3302 1353 3348 com-

227 3391 343 3470 paratis
373 3390 485 3474 glossis
517 3390 614 3455 Pselli
646 3393 677 3455 et
708 3390 820 3455 Suidee
851 3389 890 3454 ab
926 3389 984 3454 hoc
1020 3390 1090 3454 solo
1133 3393 1242 3453 nostro
1281 3389 1353 3452 loco

227 3493 343 3558 fectum
377 3511 445 3558 esse
478 3493 621 3559 vidimus.
675 3494 773 3575 Atqui
803 3494 905 3574 ipsum
938 3490 1066 3557 Suidam
1103 3491 1219 3556 fontem
1257 3490 1353 3555 fuisse

226 3595 291 3659 veri
312 3594 462 3660 dlasimile
494 3596 581 3660 nobis
604 3595 767 3661 videbatur
789 3614 864 3660 esse.
909 3593 993 3676 Ergo
1015 3593 1076 3658 fuit
1098 3592 1222 3675 qnidam
1249 3611 1285 3656 ex
1308 3594 1353 3658 eis

227 3698 413 3778 auctoribus,
435 3718 565 3782 quorum
588 3718 681 3782 opera
702 3700 735 3764 in
756 3699 918 3764 immensis
942 3697 1055 3762 Suidse
1071 3696 1191 3762 scriniis
1207 3698 1354 3779 congesta

226 3800 323 3867 latere
354 3801 480 3868 ecimus.
526 3801 663 3881 Quorum
695 3821 857 3868 numerum
890 3801 966 3866 setis
999 3800 1138 3884 emplum
1172 3800 1278 3877 luisse,
1317 3819 1353 3864 ex

228 3922 287 3985 quo
317 3907 454 3987 tempore
476 3906 656 3992 Bernhardy
668 3906 693 3992 ¹)
725 3907 1000 3973 commentationes
1033 3925 1105 3972 suas
1137 3905 1174 3970 de
1205 3904 1352 3970 subsidiis

227 4005 318 4070 lexici
339 4006 446 4085 edidit,
471 4025 531 4071 non
553 4009 726 4091 ignoratur.

227 4230 484 4240 -ι---.--.-

331 4385 356 4449 1)
375 4384 463 4451 prael.
483 4384 524 4438 ed.
544 4383 621 4438 Suid.
639 4397 665 4451 p.
684 4383 748 4437 xnl
766 4398 806 4452 sq.
