3396 5278
778 489 841 553 117

238 697 396 764 ναυτικοῖς
419 689 628 773 senecensem
648 688 752 776 νομίσ-
848 713 918 768 τος
948 693 1000 756 ἐπὶ
1022 699 1179 769 ναυτικοῖς
1211 694 1364 780 κεκερδη-

239 812 328 875 μαστ,
362 793 417 854 καὶ
439 791 467 854 οἱ
491 793 546 876 μὲν
569 791 752 860 ἀπεδείκνυ-
848 795 921 859 ator
947 793 1128 881 contonam,
1162 799 1218 860 καὶ
1249 797 1277 860 οἱ
1310 798 1365 882 μὲν

242 915 310 977 σαν,
328 895 356 958 οἱ
371 895 406 958 δὲ
422 895 547 972 πλείους
563 896 665 981 μάτην
681 896 754 962 κατ’
850 897 1109 982 ἀπεδείκνυον,
1134 900 1163 963 οἱ
1186 899 1220 963 δὲ
1238 899 1365 977 πλείους

239 999 342 1062 αὐτῶν
364 997 593 1083 ἐκεκράγεσαν,
622 1002 675 1064 τὸν
699 1003 753 1086 μὲν
800 999 804 1086 l
850 1002 954 1088 μάτην
976 1001 1049 1066 κατ’
1071 1005 1175 1068 αὐτῶν
1193 1003 1365 1088 ἐκεκράγε-

240 1103 469 1167 ἀττοδετκνὺντα
526 1101 755 1190 ἀπροςτίμητον
851 1127 921 1188 σαν,
939 1109 992 1170 τὸν
1009 1107 1065 1190 μὲν
1080 1105 1366 1171 ἐπιδεικνύοντα

240 1206 324 1287 εἴων,
349 1208 403 1268 τὸν
418 1204 452 1267 δὲ
468 1206 755 1293 συκοφαντήσοντα
850 1208 1078 1294 ἀπροςτίμητον
1109 1211 1202 1292 εἴων,
1243 1212 1299 1273 τὸν
1331 1210 1365 1274 δὲ

239 1307 352 1392 ὀβολοῦ
383 1308 549 1394 καταβολῇ
584 1309 752 1394 ἐζημίουν·
850 1312 1138 1397 συκοφαντήσαντα
1169 1312 1281 1399 ὀβολοῦ
1307 1334 1364 1378 κα-

240 1413 297 1474 καὶ
322 1411 420 1496 ὄνομα
443 1421 482 1496 τῇ
507 1411 605 1498 ζημία
628 1413 648 1498 η
674 1413 754 1478 tuco-
850 1415 1005 1501 ταβολην
1020 1415 1180 1501 ἐζημίουν,
1198 1417 1365 1502 antenorea

241 1513 342 1599 lisbio.
582 1530 585 1538 ’
850 1527 890 1602 τῇ
914 1517 1012 1604 ζημία
1035 1517 1204 1606 ἐπυβελία.

345 1705 393 1768 En
416 1704 511 1769 habes
538 1705 688 1770 nonnulla
711 1707 861 1788 exempla,
884 1707 1035 1789 quomodo
1051 1708 1098 1772 vir
1114 1707 1222 1773 doctus
1238 1709 1365 1774 alterius

243 1807 407 1891 Byzantini
423 1807 582 1890 scriptoris
598 1807 713 1872 librum
730 1808 936 1890 descripserit,
960 1809 1051 1876 modo
1067 1829 1163 1874 nuum
1180 1811 1364 1875 vocabulum

246 1911 402 1986 omittens
428 1913 519 1976 modo
543 1911 604 1976 elia
628 1911 751 1988 addens,
784 1913 875 1977 modo
906 1914 1047 1996 tempora
1077 1914 1163 1979 verbi
1194 1915 1247 1979 aut
1278 1933 1366 1980 casus

244 2016 428 2080 substantivi
452 2017 585 2080 mutans.
633 2017 698 2081 lam
722 2016 836 2081 chartis
867 2036 1039 2100 parcamur,
1070 2019 1182 2100 quibus
1215 2018 1255 2082 ad
1288 2018 1366 2084 alias

245 2137 292 2181 res
314 2117 414 2181 multo
436 2118 536 2201 magis
560 2118 647 2183 nobis
680 2138 756 2201 opus
789 2120 857 2184 erit.
902 2119 1026 2185 Scholia
1050 2119 1191 2204 Gregorii
1214 2121 1367 2188 Corinthii

244 2239 281 2284 ne
304 2240 358 2285 nos
382 2240 470 2303 porro
494 2221 660 2301 retardent,
687 2222 763 2288 satis
786 2224 912 2288 cautum
935 2243 1002 2290 osse
1025 2223 1123 2288 oredo.

242 2493 268 2580 g
292 2492 329 2560 5.
373 2492 540 2561 Psellus
565 2511 658 2561 cum
681 2491 989 2582 lexicographis
1025 2493 1289 2581 eomparatur
1312 2494 1365 2580 et,

294 2627 301 2640 ·
397 2595 610 2685 quidinde
638 2595 772 2665 conici
794 2596 942 2685 possit,
968 2595 1190 2685 profertur.

348 2769 392 2833 De
416 2769 500 2833 fonte
522 2769 623 2846 huius,
648 2769 802 2834 Michaelo
824 2769 937 2848 Psalle,
971 2772 1129 2840 nontam
1162 2769 1253 2834 facile
1284 2770 1367 2834 inter

244 2891 298 2936 nos
323 2873 494 2936 conveniet.
541 2873 712 2937 Attamen
735 2873 817 2938 hunc
848 2873 971 2938 silentio
1002 2871 1166 2953 praeterire
1198 2890 1233 2936 eo
1265 2873 1367 2938 minus

245 2994 417 3058 possumus,
443 2977 515 3058 quia
538 2976 660 3041 constat
682 2976 775 3042 etiam
800 2975 845 3042 ibi
868 2977 901 3059 (ᾗ
925 2974 980 3056 31)
1013 2975 1222 3059 fragmentum
1244 2976 1367 3040 Aristo-

244 3079 361 3142 teleum
386 3079 465 3162 (cap.
485 3078 536 3142 21.
560 3083 606 3158 4),
630 3078 711 3161 quod
728 3078 1067 3144 Wilamouitz-Kaibel
1089 3079 1169 3144 inter
1188 3079 1368 3144 testimonia

244 3183 374 3246 alterius
398 3183 541 3248 editionis
564 3183 672 3248 afferre
704 3183 891 3264 potuerunt,
930 3183 983 3248 din
1016 3183 1142 3246 latuisse
1172 3183 1203 3246 in
1237 3182 1368 3248 occulto.

245 3284 324 3349 Cum
346 3285 594 3367 Wilamowrtm)
627 3287 838 3368 desperaverit
867 3285 1033 3369 indagare,
1067 3283 1219 3368 quomodo
1243 3285 1367 3350 Psellns

245 3390 305 3454 sibi
328 3390 404 3454 haec
427 3391 658 3472 comparaverit,
688 3391 753 3472 J‘am
786 3410 804 3454 n
834 3391 935 3474 primo
966 3391 1066 3468 initio,
1098 3409 1172 3454 num
1203 3391 1280 3456 mihi
1310 3389 1368 3455 hoc

245 3494 417 3576 contingat,
442 3493 646 3560 dubitandum
670 3496 726 3558 est.
771 3491 831 3559 Sed
854 3495 926 3576 quia
948 3495 1015 3577 ipse
1038 3493 1113 3558 satis
1145 3496 1228 3559 certo
1251 3494 1369 3558 rectam

246 3616 295 3662 me
326 3597 408 3662 viam
442 3598 614 3680 ingressum
648 3617 713 3662 esse
745 3616 926 3680 persuasum
960 3597 1075 3674 habco,
1108 3597 1184 3662 alios
1217 3597 1368 3674 hominos,

241 3700 363 3782 judices
387 3720 517 3776 severos,
542 3702 600 3766 hoc
622 3702 720 3766 celare
743 3701 823 3764 nolo.
871 3701 906 3763 ln
924 3700 1030 3782 primis
1046 3700 1151 3764 autern
1177 3718 1236 3764 non
1260 3718 1368 3782 supcr-

248 3823 415 3868 vacaneum
438 3823 504 3870 esse
528 3805 602 3888 puto
626 3805 798 3882 admonere,
823 3823 860 3868 ue
883 3806 915 3867 in
939 3803 1018 3867 libro
1041 3803 1100 3868 viri
1115 3803 1230 3868 eruditi
1245 3804 1368 3887 Byzan·

247 3909 330 3974 tinae
354 3907 464 3972 aetatis
488 3907 595 3973 eodem
618 3907 709 3972 modo
732 3908 866 3989 vestigia
888 3906 1001 3972 veteris
1018 3906 1175 3972 doctrinae
1198 3907 1234 3970 ut
1248 3905 1370 3972 reddita

247 4011 318 4091 sint,
343 4012 545 4093 postulemus,
577 4014 670 4094 atque
695 4013 852 4078 innescio
884 4029 943 4094 quo
975 4012 1108 4076 auctoris
1130 4011 1242 4076 incerti
1272 4010 1369 4075 lexico

247 4115 407 4178 rhetorico.
461 4113 539 4179 Cum
570 4115 627 4178 hoc
658 4114 774 4178 fontem
798 4133 888 4178 sunm
911 4114 951 4178 ad
979 4114 1106 4178 verbum
1141 4113 1293 4177 exscribat
1316 4111 1370 4176 aut

350 4423 375 4484 1)
394 4420 411 4473 l.
430 4421 447 4474 l.
467 4420 485 4472 l.
505 4421 556 4474 293
575 4435 596 4474 c.
616 4433 679 4473 ann.
698 4420 722 4472 9.
