3408 5276
849 539 925 602 VIII

791 630 997 642 m—

836 654 839 670 I

333 744 524 826 philologum
555 743 623 807 fieri
653 760 714 807 non
745 741 859 807 scholis
881 742 1014 826 publicis
1045 742 1101 806 sed
1123 761 1216 824 quarn
1237 743 1455 825 privatissimis

333 847 495 912 audiendis
526 864 632 910 omnes
654 847 757 929 gregis
779 846 877 910 nostri
899 845 975 910 socii
999 863 1059 910 non
1082 845 1249 927 negabunt.
1293 846 1393 926 Quam
1415 847 1454 912 ob

332 970 396 1015 rem
417 949 517 1015 iacere
540 967 600 1014 non
622 967 758 1031 possum,
790 949 862 1031 quin
894 967 944 1012 mo
967 947 1154 1030 disprqum
1187 949 1310 1014 scholae
1342 949 1455 1014 etiam-

331 1057 407 1118 tunc
428 1039 713 1134 Dorpatensis
736 1069 803 1116 esse
824 1050 979 1134 profitear.
1022 1051 1103 1116 Item
1124 1052 1214 1133 grato
1229 1053 1332 1116 animo
1348 1053 1454 1134 grata·

332 1176 390 1240 que
407 1156 555 1220 memoria
577 1173 698 1238 semper
718 1154 841 1233 tenebo,
864 1173 914 1218 me
935 1172 999 1218 non
1021 1154 1132 1232 solum,
1155 1153 1229 1218 dum
1252 1155 1328 1219 civis
1347 1155 1455 1220 acade-

331 1260 430 1326 micus
452 1277 561 1338 essem,
585 1259 639 1323 sed
661 1259 761 1324 multo
783 1258 893 1341 magis,
925 1260 1091 1340 postquam
1113 1276 1241 1324 examen
1263 1258 1303 1322 ad
1325 1258 1455 1338 gradum

332 1363 489 1428 candidati
510 1362 709 1428 obtinendum
731 1361 864 1427 feliciter
885 1379 1090 1444 superassem,
1125 1362 1241 1426 crebris
1264 1362 1455 1426 sermonibus

332 1464 621 1548 apraeceptoribus
651 1465 728 1530 meis
760 1464 898 1546 adjutum
930 1464 1036 1546 itaque
1061 1463 1226 1546 paullatim
1260 1463 1457 1548 μεμυημένον

331 1567 448 1633 lectum
470 1586 547 1634 esse.
590 1568 670 1632 Leo
693 1567 833 1650 Meyer
854 1567 1015 1632 elementis
1038 1567 1113 1630 artis
1132 1567 1352 1648 gramnratIcae
1371 1584 1456 1630 eom·

331 1670 494 1753 parandae,
527 1671 638 1753 quibus
660 1688 749 1734 nemo
772 1669 948 1753 philologus
971 1688 1072 1734 carere
1094 1670 1205 1752 potest,
1237 1687 1292 1733 nos
1318 1668 1457 1734 imbuere

332 1773 487 1840 studebat.
532 1771 744 1856 Georgius
777 1772 1038 1851 Loesehcke,
1072 1791 1153 1838 nunc
1175 1771 1360 1850 Bonnensis,
1390 1773 1456 1855 ipse

332 1895 437 1941 amore
469 1874 566 1940 totius
598 1876 793 1957 antiquitatis
823 1877 946 1957 penitus
978 1876 1120 1942 incensus
1151 1876 1286 1940 similem
1319 1895 1455 1942 amorem

332 1980 446 2044 mirum
468 1979 619 2061 quantum
641 1979 673 2042 in
697 1979 809 2043 animis
831 1979 981 2062 juvenum
1004 1980 1169 2044 excitabat.
1215 1979 1456 2044 Ludovieus

332 2081 657 2161 Mendelssohn,
703 2083 780 2147 artis
824 2083 948 2147 criticae
986 2083 1202 2166 peritissimus,
1247 2082 1326 2164 legis
1369 2082 1455 2146 illius

333 2184 508 2266 praeclarae
548 2192 638 2266 ,νᾶφε
668 2187 724 2248 καὶ
758 2183 889 2270 μέμναό
927 2185 1081 2250 ἀπιστεῖν(
1121 2205 1160 2250 ne
1197 2185 1456 2260 oblivisceremur,

333 2305 454 2370 semper
485 2287 623 2352 curabat.
668 2287 911 2353 Guilelmus
943 2289 1330 2366 Hoerschelmann,
1360 2289 1456 2353 inter·

332 2409 402 2474 pres
434 2392 619 2473 scriptorum
650 2392 788 2456 veterum
820 2411 891 2456 curn
922 2393 1141 2474 sagacissimus
1171 2393 1240 2456 tum
1262 2391 1457 2474 elegantissi-

335 2513 413 2572 mus,
444 2495 596 2576 quomodo
627 2496 659 2558 In
691 2497 783 2559 verba
804 2495 919 2559 tradite
941 2495 1158 2576 inquirendum
1180 2495 1270 2570 esset,
1305 2512 1360 2557 nos
1383 2493 1456 2556 edo·

333 2596 431 2660 cebet.
477 2597 584 2677 Itaque
607 2596 730 2659 scholae
753 2596 951 2660 Boeekbiana
973 2598 1004 2661 et
1026 2596 1257 2660 Hermenniana
1279 2596 1310 2658 in
1333 2595 1456 2658 univer·

333 2699 425 2762 sitete
448 2699 552 2762 nostra
574 2697 816 2762 familiarissime
840 2697 922 2761 inter
944 2716 1010 2762 sese
1033 2697 1261 2761 concertabant.

435 2800 470 2864 L.
493 2801 654 2884 Meyerum
676 2803 708 2865 et
731 2799 768 2864 G.
794 2800 1025 2878 Loesehckium,
1047 2801 1128 2865 viros
1151 2800 1355 2879 doctissimos,
1380 2817 1456 2882 quos

334 2903 511 2970 etiamnunc
532 2905 635 2969 valere
658 2922 851 2987 summopere
874 2904 1003 2986 gaudeo,
1025 2922 1109 2987 rogo,
1140 2905 1176 2968 ut
1198 2905 1333 2986 gratiam
1355 2923 1457 2968 meam

334 3025 426 3087 quarn
449 3008 615 3072 maximam
637 3007 785 3072 benevole
808 3008 970 3090 accipiant.
1016 3008 1201 3073 Memoriam
1223 3027 1294 3074 vero
1313 3009 1347 3073 L.
1367 3005 1456 3073 Men-

334 3108 489 3174 delssohni
520 3110 551 3173 et
582 3108 620 3173 G.
644 3109 930 3190 Hoersebelmanni,
963 3128 1040 3192 quos
1072 3112 1303 3193 praematuram
1326 3111 1457 3174 mortem

334 3211 446 3277 obiisse
469 3231 533 3291 nos,
566 3212 720 3295 discipuli,
753 3233 815 3278 una
837 3233 908 3278 euru
930 3214 1101 3298 philologia
1123 3233 1306 3293 moeremus,
1338 3232 1458 3295 semper

334 3334 383 3380 me
405 3315 456 3397 pio
479 3317 582 3380 animo
605 3317 820 3381 veneraturum
843 3335 909 3382 esse
933 3317 1089 3399 polliceor.

436 3417 563 3483 Fautori
594 3419 686 3484 hulus
713 3421 863 3502 opusculi,
895 3421 1081 3502 Josepho
1114 3421 1256 3497 Lezio,
1295 3417 1457 3500 professori

335 3521 546 3586 uniuersitatis
573 3521 750 3588 Kiouiensis
784 3523 832 3589 su
855 3524 1028 3600 Vladimiri,
1063 3541 1159 3602 aeque
1190 3539 1226 3584 ac
1257 3519 1338 3584 socio
1369 3516 1456 3582 labo·

334 3624 377 3690 ris
414 3624 445 3688 in
479 3625 615 3708 plagulis
653 3627 859 3710 corrigendis,
896 3625 1082 3690 Arthuro
1120 3622 1318 3700 Broolio,
1359 3619 1458 3686 sodali

335 3729 532 3807 amicissimo,
548 3732 692 3812 gruttam,
711 3750 803 3813 quam
819 3749 921 3795 coram
934 3728 1063 3806 reddidi,
1082 3728 1216 3793 hocloco
1229 3727 1366 3809 repetere
1377 3725 1457 3789 volo.

441 3947 617 4013 Scribebam
639 3948 821 4014 Kioviae

401 4051 526 4115 Ineunte
563 4069 667 4115 mense
698 4051 864 4115 FebruarIo

553 4173 578 4218 a.
604 4152 694 4217 1897.
