3396 5278
857 527 919 590 118

322 733 443 800 tentum
467 733 637 812 contrahat
670 734 724 798 ille
747 737 852 800 eontra
874 735 973 799 libere
1005 751 1060 800 sue
1082 733 1198 819 judieie
1230 753 1452 817 sempernsns

322 837 372 901 est
390 838 421 901 et
443 855 500 901 sua
521 837 638 902 ratione
662 835 700 900 ad
724 835 826 902 lentes
850 856 921 902 sues
944 837 1083 916 aeeessit,
1107 838 1143 902 ut
1166 837 1290 919 saepius
1323 837 1452 902 difficile

324 941 365 1004 sit
387 959 442 1022 per
465 940 607 1006 ornatum
631 939 837 1023 Byzantinum
870 941 1024 1006 medullas
1056 941 1266 1022 introspicere.
1311 941 1356 1005 At
1378 960 1450 1005 eum

323 1059 383 1106 nen
408 1060 529 1124 semper
550 1041 698 1107 Michaeli
720 1043 894 1126 eontigerit,
926 1044 961 1107 ut
982 1043 1059 1108 satis
1082 1043 1159 1107 bene
1182 1041 1300 1106 lentem
1323 1043 1450 1119 celaret,

322 1145 480 1210 interdum
501 1145 578 1210 haee
608 1145 736 1227 antiqua
760 1145 899 1211 doctrina
922 1165 977 1229 per
997 1148 1153 1211 recentem
1180 1145 1329 1210 vestitum
1353 1147 1452 1211 inter-

322 1248 413 1313 lueet.
461 1249 493 1313 Si
516 1248 596 1313 enim
621 1249 890 1330 interpretationes
921 1269 1025 1315 rernm
1053 1249 1250 1334 judicialium
1283 1249 1315 1313 et
1345 1251 1448 1332 publi·

324 1369 431 1418 earum
468 1353 652 1432 atticarum,
691 1373 769 1436 quas
792 1354 897 1419 Psalle
921 1355 1089 1432 debemus,
1122 1371 1345 1435 comparamus,
1378 1373 1449 1419 eum

322 1455 436 1522 Suidae
459 1455 580 1539 glossis,
604 1456 664 1520 hue
686 1456 920 1539 pertinentibus,
953 1458 1053 1523 faeere
1076 1461 1136 1522 nen
1167 1475 1342 1539 pessumus,
1375 1459 1448 1540 quin

212 1637 216 1644 Ι
323 1558 533 1636 conliteamur,
556 1559 689 1624 similem
713 1559 826 1626 lentem
850 1560 955 1625 Psello
979 1562 1100 1642 praesto
1133 1561 1237 1624 fuisse.
1282 1560 1331 1625 Aa
1356 1579 1449 1643 quam

325 1681 389 1726 rem
413 1661 685 1728 demonstrandam
704 1683 802 1747 panea
819 1665 897 1728 mihi
919 1665 1060 1746 exempla
1075 1664 1181 1729 afferre
1197 1664 1300 1742 lieeat,
1323 1665 1451 1748 quibus-

323 1783 393 1830 eum
416 1782 609 1848 componam,
642 1767 668 1830 si
702 1766 775 1848 qnid
807 1767 919 1831 similis
951 1769 1127 1850 argumenti
1158 1767 1197 1831 ad
1230 1768 1449 1833 conterendum

322 1868 399 1934 utils
421 1869 453 1932 in
476 1869 547 1934 aliis
569 1870 677 1934 lexicis
700 1871 859 1935 rhetoricis
883 1871 995 1935 inveni.
1147 1865 1151 1874 ⁴

265 2031 267 2035 ,
337 1989 434 2055 Mielr.
461 1991 556 2056 Paall.
581 1991 599 2074 ξ
622 1989 842 2162 11181111φχ.
862 1990 1058 2162 χκηδςιαγρα-
1088 1991 1448 2076 [essentitatis.
1539 2033 1541 2037 .

322 2197 480 2282 διαγραφή
499 2195 679 2281 δὲηάπαλ-
699 2197 776 2260 ὅταν
804 2196 980 2282 ἀπαλλαγῇ
1004 2207 1059 2260 τοῦ
1088 2197 1285 2283 διαγραφὴν·
1321 2200 1356 2260 τὸ
1390 2198 1448 2261 ἀπ-

321 2300 408 2384 λοιγὴ
433 2309 489 2386 της
505 2299 596 2386 δίκης
611 2299 680 2364 ἐλὲ-
700 2299 903 2385 ἐγκλήματος
936 2301 952 2364 δ
988 2301 1060 2384 φεύ·
1087 2301 1258 2388 ηλλοίχδαι
1299 2311 1353 2364 τοῦ
1396 2301 1450 2386 ἐγ-

321 2425 408 2488 γετο.
699 2423 776 2486 γων,
797 2404 867 2487 ἤτοι
883 2407 968 2468 κατὰ
984 2425 1060 2489 συγ·
1088 2404 1252 2491 κλήματος
1283 2407 1336 2469 τὸν
1373 2405 1450 2488 φεύ-

700 2507 841 2594 χώρησιν
863 2517 918 2572 τοῦ
933 2507 1060 2572 διῶκον-
1087 2530 1186 2594 γοντα
1196 2510 1266 2593 ἤτοι
1277 2511 1361 2572 κατὰ
1372 2530 1449 2592 συγ-

701 2633 764 2694 τος,
788 2611 809 2694 ἢ
832 2614 917 2676 κατὰ
931 2611 1061 2696 διοίγνω-
1088 2612 1227 2700 χῶρησιν
1238 2621 1292 2676 τοῦ
1303 2611 1449 2697 ἐγκλη...

701 2736 747 2778 σιν
758 2715 919 2799 τυχόντος,
938 2718 1061 2801 καὶμη-

703 2816 771 2880 κίτι
808 2821 894 2902 παρὰ
932 2817 1062 2904 μηδενὸς

701 2920 1060 3006 ἐγκαληται,διαγραφη

701 3023 791 3109 δίκης
813 3023 952 3109 λέγεται.

322 3250 421 3332 ὥςπερ
457 3245 546 3333 λῆξις
577 3245 679 3333 δίκης,
726 3248 811 3312 suin.
838 3269 863 3315 s.
887 3269 917 3314 ν.
943 3245 1032 3332 λῆξιν
1120 3249 1209 3312 Ρίνοί.
1232 3267 1257 3310 s.
1282 3265 1309 3310 ν.
1333 3245 1427 3330 ληξιν

322 3354 357 3415 τδ
380 3350 593 3436 καταγγεῖλαι
616 3350 682 3435 κρί-
826 3333 927 3420 δίκης·
1223 3333 1322 3418 δίκης·

323 3476 370 3518 σιν
414 3462 477 3519 τῶν
521 3453 683 3518 ἰδιωτικῶν
702 3455 757 3516 καὶ
772 3453 886 3538 λαχεῖν
901 3445 1004 3540 δίκην,
1025 3457 1061 3517 τδ
1088 3454 1144 3514 καί
1158 3452 1272 3537 λαχεῖν
1287 3451 1389 3536 δίκην·
1412 3454 1451 3517 τδ

321 3555 517 3622 ὑποθέσεων.
531 3564 548 3635 5
561 3560 602 3623 17.
628 3559 682 3621 καί
701 3557 914 3641 καταγγεῐλαι
962 3555 1062 3641 κρίσιν
1088 3555 1303 3640 καταγγεῖλαι
1347 3553 1448 3640 κρίσιν

322 3660 436 3745 λαχεῖν
459 3662 514 3746 μὲν
537 3660 631 3748 δίκην
646 3665 682 3725 τδ
702 3659 863 3725 ἰδιωτικῶν
917 3660 1060 3746 πραγμά-
1088 3659 1251 3723 ἰδιωτικῶν
1302 3659 1448 3744 πραγμά-

321 3763 451 3846 πρῶτως
494 3775 678 3829 κατειπεῖν.
701 3783 762 3827 των
785 3763 872 3846 φασί.
901 3765 937 3826 τὸ
960 3763 987 3826 δ’
1008 3765 1060 3827 ἀν·
1088 3783 1150 3826 των
1187 3761 1300 3846 φασίν.
1341 3764 1376 3825 τδ
1414 3761 1448 3824 δὲ

322 3865 505 3951 ἀντιλαχεῖν
514 3867 548 3930 δὲ
558 3870 594 3931 τὸ
610 3869 681 3932 ἀντ·
701 3865 887 3949 τικαλὲσαι,
935 3867 1060 3930 ἀντιλα-
1088 3864 1294 3929 ἀντικαλὲσαι
1323 3864 1450 3929 ἀντιλα-

321 3968 546 4053 εγκληθηναι·
580 3971 616 4033 τὸ
648 3970 681 4033 δὲ
700 3977 782 4051 χεῖν.
818 3971 853 4033 τὸ
885 3969 919 4032 δὲ
950 3969 1061 4035 διανεί·
1087 3977 1179 4053 χεῖν·
1205 3970 1239 4031 τδ
1272 3968 1306 4031 δὲ
1338 3967 1449 4032 διανεί·

322 4070 486 4157 διαλαχεῖν
527 4073 586 4135 οὐκ
630 4073 682 4136 ἐπί
701 4071 824 4155 μασθαι
894 4072 1059 4158 χρήματα,
1090 4072 1212 4156 μασθαι
1222 4071 1450 4157 χρηματαδια·

321 4181 383 4237 τῶν
415 4173 509 4239 δικῶν
536 4175 678 4260 λέγεται,
700 4174 878 4261 διαλαχεῖν.
1088 4175 1214 4260 λαχεῖν.

321 4275 393 4340 ἀλλ’
424 4276 476 4340 ἐπὶ
503 4279 676 4365 χρημάτων
1087 4279 1141 4361 (ad
1157 4298 1263 4344 vocem
1282 4277 1450 4363 διαλαχεῖν

321 4379 543 4466 διανεμήσεως.
1073 4384 1127 4565 ref.
1143 4381 1449 4466 etiamlex.Seg.IV.

1090 4485 1159 4550 186.
1184 4485 1251 4567 21.)
