3396 5278
770 503 831 569 105

239 709 374 794 λούμενοι
396 708 515 794 βεβαιοῖ
545 709 692 791 petivisse
725 690 786 775 non
808 714 958 776 absonum
982 709 1038 774 est.
1084 709 1209 775 Ceterae
1231 709 1363 791 glossae,

240 831 316 895 quae
338 811 512 894 poletarnm
535 812 722 877 mentionem
747 813 876 895 faciunt,
899 814 954 878 aut
977 813 1085 877 inanes
1108 814 1181 878 sunt
1204 811 1276 895 (lex.
1294 811 1365 895 Seg.

244 916 296 980 lv.
323 912 395 978 192.
419 912 471 993 21,
495 914 629 998 Hesych.
654 935 679 980 s.
702 935 731 980 v.
755 915 916 1002 πωληταί)
951 917 1005 980 ant
1027 915 1228 980 Aristotelem
1250 913 1367 979 fontem

241 1019 344 1100 aperte
380 1016 621 1099 repudiaverunt
643 1018 763 1110 truce.
789 1039 812 1084 s.
836 1040 865 1084 v.
890 1017 1037 1105 τωλητκί
1070 1045 1111 1073 =
1144 1017 1230 1084 Suid.
1253 1018 1296 1101 gl.
1321 1019 1365 1096 1).

241 1120 317 1186 Cum
341 1119 466 1185 illarum
491 1120 569 1184 nihil
584 1123 690 1186 nostra
705 1123 828 1200 referat,
853 1123 928 1186 huec
952 1123 1114 1205 propterea
1136 1121 1256 1185 animos
1279 1122 1310 1184 in
1334 1139 1370 1185 se.

241 1224 401 1301 convertit,
425 1223 498 1305 quia
522 1225 713 1308 diligentins,
738 1245 830 1308 quam
853 1227 889 1290 ut
908 1226 980 1290 licta
994 1243 1062 1291 esse
1077 1225 1185 1307 possit,
1209 1223 1365 1302 describit,

242 1345 369 1410 quorum
392 1328 472 1392 bona
493 1329 611 1393 aerario
634 1330 793 1395 cesserint.
839 1329 942 1395 Simili
964 1329 1054 1395 modo
1077 1328 1159 1410 apud
1183 1328 1312 1411 legistas
1335 1329 1366 1392 in

241 1429 397 1495 nonnullis
420 1430 526 1496 lexicis
549 1432 705 1498 subtiliter
736 1432 916 1498 distinctum
949 1451 1025 1511 esse,
1058 1433 1169 1513 quibus
1201 1433 1367 1514 magistra·

243 1534 326 1598 tibus
349 1533 427 1599 ratio
450 1533 606 1600 reddenda
621 1538 711 1613 esset,
731 1536 797 1619 jam
813 1555 906 1618 supra
921 1535 1196 1601 animadvertimus
1208 1533 1245 1614 ¹),
1269 1553 1368 1617 neque

242 1635 332 1700 aliter
353 1636 384 1699 in
408 1635 513 1718 glossa
544 1635 636 1721 κυρία
661 1636 821 1723 ἐκκλησία
854 1655 902 1720 ap.
926 1638 984 1702 lor.
1008 1636 1079 1720 Seg.
1105 1636 1140 1701 V.
1164 1634 1237 1700 274.
1264 1635 1303 1698 19
1329 1665 1366 1692 =

242 1739 333 1804 Phot.
356 1759 381 1805 s.
405 1760 433 1804 v.
457 1740 549 1824 κυρία
572 1741 732 1828 ἐκκλησία
763 1743 974 1824 exemplorum
999 1742 1068 1808 loeo
1092 1739 1270 1824 adfiguntur
1293 1741 1369 1805 certi

243 1843 367 1925 quidam
402 1844 603 1926 magistratus
641 1848 718 1928 (οίον
753 1846 961 1932 στρατηγούς,
1002 1845 1178 1930 ἱππάρχους
1211 1846 1267 1908 καί
1298 1846 1369 1920 τοὺς

244 1945 424 2028 τοιούτους),
453 1947 490 2011 de
523 1949 634 2031 quibus
665 1950 697 2014 in
732 1949 790 2013 hac
813 1949 954 2014 contione
977 1948 1157 2032 suffragium
1181 1948 1289 2013 datum
1312 1952 1368 2012 est,

245 2049 325 2114 Satis
347 2050 444 2116 habeo
467 2051 524 2118 hoo
546 2052 697 2118 indicasse
720 2071 818 2134 neque
841 2052 911 2116 inde
946 2053 1092 2118 temerius
1125 2052 1263 2116 conicere
1290 2051 1368 2129 volo,

243 2154 337 2220 luisse
359 2153 512 2235 quondam
536 2157 683 2240 glossam,
717 2173 794 2238 quae
817 2155 849 2220 id
872 2155 1154 2238 comprehenderet,
1186 2155 1267 2237 quod
1290 2174 1370 2219 nuuc

245 2277 293 2340 ap.
315 2257 373 2322 lex.
394 2257 465 2342 Seg.
481 2258 518 2337 V,
542 2259 600 2325 lex.
624 2260 723 2335 Dem.,
748 2260 845 2342 Harp.
869 2260 901 2324 et
922 2259 1070 2324 Photium
1093 2259 1267 2342 sejunctum
1290 2258 1370 2341 legi-

245 2380 323 2438 mus,
363 2380 500 2446 quaeque
531 2363 639 2428 itidem
671 2363 874 2428 Aristotelem
906 2363 1040 2428 auxisset
1074 2363 1106 2427 ot
1138 2361 1368 2443 amplificasset,

245 2466 336 2547 atque
356 2465 389 2529 in
412 2465 524 2548 glossis
547 2465 756 2552 θεσμοθετῶν
779 2465 950 2550 ἀνάκρισις,
976 2463 1130 2551 ἡγεμονία
1151 2462 1367 2548 δικαστηρίου,

245 2567 298 2632 ubi
320 2569 378 2634 hoc
400 2567 518 2634 factum
541 2589 607 2638 esse
630 2569 777 2636 audacius
800 2568 1020 2634 contenderim.

249 2907 273 2996 ξ
305 2908 342 2976 3.
398 2907 487 2997 Qua
524 2906 592 2975 via
628 2905 881 2974 Aristotelea
915 2904 955 2971 in
989 2901 1371 2990 Harpocrationem‚

247 3009 473 3095 Pollucem,
506 3009 642 3079 lexica
674 3007 895 3092 rhetorica,
928 3005 1090 3076 scholia
1118 3003 1371 3087 intraverint,

533 3112 679 3202 paucis
713 3109 1085 3200 comprehenditur.

350 3303 418 3368 Hae
443 3304 503 3368 lere
528 3303 651 3370 luerunt
673 3303 804 3386 glossae,
837 3301 874 3366 de
897 3301 1009 3384 quibus
1032 3301 1064 3364 in
1087 3299 1185 3364 altera
1207 3296 1373 3378 disputeti-

249 3407 379 3472 uneulee
416 3426 502 3473 meae
539 3411 626 3490 parte
648 3407 808 3470 'disserere
840 3404 996 3470 constitui.
1051 3402 1135 3482 Quae
1167 3401 1260 3465 etiam
1292 3417 1373 3461 nunc

249 3511 384 3584 restant,
420 3529 455 3574 ex
486 3509 655 3576 Aristotele
687 3507 874 3591 pendentes,
910 3526 960 3572 cas
993 3507 1047 3571 aut
1078 3504 1194 3569 nullius
1225 3501 1373 3566 momenti

249 3631 315 3678 esse
338 3611 410 3678 duxi
433 3614 487 3678 aut
517 3613 609 3678 tertio
641 3611 737 3694 capiti
767 3610 899 3693 seposui.
944 3609 1061 3686 Restat,
1093 3607 1130 3670 nt
1158 3603 1265 3686 paneis
1289 3620 1373 3666 eom·

250 3715 378 3797 plectar,
407 3715 488 3797 qnod
510 3735 560 3781 me
582 3717 732 3780 hactenus
755 3712 941 3796 disputando
965 3711 1102 3776 effecisse
1126 3709 1158 3773 et
1178 3724 1271 3789 quam
1294 3705 1375 3768 inter

250 3818 480 3902 lexicographos
492 3819 631 3903 singulos
644 3820 676 3884 et
685 3817 887 3883 Aristotelem
901 3817 1053 3881 rationem
1068 3809 1257 3877 intercedere
1274 3807 1373 3874 credo.

250 3913 320 3988 Non
357 3922 448 3988 modo
487 3924 658 3998 Pollucem,
696 3921 750 3986 sed
783 3921 878 3986 etiam
910 3919 1189 4003 Harpocrationem
1221 3915 1324 3996 ipsum
1357 3931 1374 3975 e

254 4027 359 4090 libello
383 4025 422 4089 d'e
444 4027 613 4110 Republica
629 4027 876 4106 Atheniensium,
901 4039 1111 4106 quaecumque
1135 4019 1194 4082 sibi
1216 4016 1287 4082 usui
1310 4033 1376 4080 esso

252 4127 441 4207 viderentur,
472 4127 510 4193 ad
543 4127 704 4192 arbitrium
737 4147 827 4192 suum
855 4125 1041 4207 excerpsisse
1064 4139 1244 4205 persuasum
1267 4117 1375 4182 haheo.

357 4439 382 4505 1)
400 4453 425 4508 p.
444 4437 485 4490 er,
