3396 5278
789 536 994 636 AE-
1063 576 1065 584 .

328 740 385 806 bus
400 740 577 806 litterarum
593 739 666 806 ordo
690 739 790 823 magis
813 741 956 824 placeret,
985 737 1122 804 ordinem
1146 738 1239 804 sontis
1263 737 1401 802 delerent
1424 740 1457 803 et

328 861 373 923 ea,
397 844 528 927 quaein
552 843 636 908 fonte
659 844 833 909 secundum
858 862 960 908 rerum
985 843 1126 908 ordinem
1151 841 1293 907 enarrata
1313 842 1452 921 fuissent,

327 947 500 1012 seeundum
517 947 656 1028 singulas
675 949 794 1011 litteras
817 947 1045 1012 distribuerent.
1091 945 1190 1024 Unus,
1213 951 1363 1028 quantum
1381 945 1454 1025 scio,

328 1049 380 1130 qui
402 1047 474 1112 huic
496 1048 667 1113 sententiae
690 1049 848 1114 communi
871 1049 1043 1131 nuperrime
1065 1048 1181 1113 restitit
1212 1049 1243 1112 et
1265 1047 1454 1113 contrarium

327 1150 455 1234 protulit
473 1150 636 1233 judicium,
668 1152 954 1218 ratiocinationibus
979 1151 1116 1216 nondum
1138 1151 1171 1216 in
1194 1151 1318 1234 publico
1340 1169 1454 1234 propo·

327 1255 394 1320 sitis
417 1255 471 1319 eut
493 1255 570 1320 mihi
593 1255 705 1320 saltem
729 1255 829 1320 adhuc
852 1256 977 1340 ignotis,
1002 1255 1040 1321 G.
1058 1255 1200 1320 Wentzel
1223 1254 1270 1320 est
1282 1254 1320 1334 ¹).
1359 1253 1453 1320 Cuius

326 1357 531 1441 sententiam,
565 1377 642 1440 quae
673 1359 722 1423 his
753 1360 925 1426 continetur
958 1359 1130 1442 praeceptis
1166 1359 1452 1441 Harpocrationem

329 1459 495 1542 Pollucem,
527 1463 683 1527 auctorem
713 1461 819 1526 lexicis
851 1460 1032 1545 Segueriani
1065 1462 1117 1541 (ex
1148 1461 1250 1544 parte)
1284 1480 1355 1527 usos
1387 1477 1453 1526 esse

325 1564 524 1644 onomasticq
548 1563 629 1646 quod
648 1555 777 1643 dicitur,
808 1565 1005 1630 verissimam
1028 1583 1104 1642 esse,
1128 1583 1207 1645 mox,
1232 1563 1331 1644 credo,
1364 1565 1453 1646 pate-

328 1663 390 1728 fiet.
436 1664 524 1744 Quod
547 1666 574 1731 si
597 1668 651 1731 aut
675 1686 743 1731 mee
759 1669 941 1748 argumenta
957 1686 1027 1732 oum
1045 1666 1266 1733 Wentzelianis
1283 1669 1453 1750 congruant

326 1769 379 1832 eut
400 1768 447 1832 vir
470 1768 577 1834 doctus
600 1769 661 1834 alia
683 1770 734 1835 via
757 1770 795 1836 ud
819 1770 950 1836 eundem
974 1771 1067 1836 finem
1099 1772 1280 1853 pervenerit,
1315 1789 1452 1836 summo-

325 1889 396 1952 pere
418 1872 570 1953 gaudeam
594 1874 626 1937 et
648 1876 811 1956 utrumque
834 1874 1053 1940 documentum
1069 1876 1240 1954 aestimem,
1265 1875 1452 1940 sententiam

325 1992 426 2039 meam
448 1973 531 2038 haud
553 1976 617 2040 veri
640 1976 823 2044 dissimilem
847 1997 923 2044 esse.

716 2247 740 2336 ἕ
763 2249 792 2316 1.
838 2269 861 2317 e
885 2249 1068 2319 Polluce.

429 2436 518 2518 Quod
540 2437 579 2504 ad
601 2439 763 2504 Pollucem
786 2440 908 2517 attinet,
932 2438 1031 2525 §123
1055 2441 1167 2506 collato
1189 2440 1284 2506 schol.
1302 2441 1356 2506 Ar.
1373 2443 1449 2525 Equ.

327 2542 409 2604 1151
428 2540 453 2624 ²)
487 2541 584 2620 docet,
612 2542 678 2624 jam
709 2544 740 2607 in
772 2541 854 2607 fonte
885 2543 1034 2608 nonnulla
1056 2545 1261 2610 instrumenta
1278 2544 1449 2628 judicialia,

327 2644 386 2708 duo
410 2643 574 2708 minimum
597 2643 699 2729 κημὸς
722 2648 752 2710 et
775 2655 935 2730 αμφορεῖς,
962 2645 1124 2729 conjuncta
1146 2648 1251 2712 tuisse.
1288 2647 1375 2714 Idem
1391 2648 1450 2713 for-

326 2749 408 2810 tasse
430 2747 548 2812 factum
571 2749 638 2812 erat
661 2766 732 2812 cum
754 2749 868 2828 glossis
892 2748 1011 2834 etddnq
1034 2752 1065 2814 et
1088 2749 1233 2834 λογισταί
1258 2750 1338 2816 Poll.
1363 2751 1451 2816 Vlll.

326 2849 377 2928 45,
401 2867 477 2932 quas
500 2849 582 2934 apud
604 2851 881 2934 Harpocrationem
904 2853 935 2916 in
958 2872 1020 2918 une
1041 2853 1146 2934 glossa
1169 2854 1337 2920 collocatas
1356 2855 1451 2920 fuisse

326 2973 417 3036 supra
434 2953 459 3036 ³)
493 2953 617 3036 conjeci.
663 2954 772 3038 Neque
803 2955 859 3020 has
891 2975 989 3038 neque
1021 2955 1092 3022 illas
1123 2975 1212 3022 voces
1244 2958 1276 3022 in
1306 2958 1450 3036 thesauro

326 3057 500 3138 glossarum
522 3057 665 3138 quodam,
702 3059 755 3140 qui
778 3059 916 3124 ordinem
940 3059 1099 3126 literarum
1123 3061 1209 3143 sequi
1232 3061 1341 3140 voluit,
1372 3062 1450 3126 alte-

325 3179 393 3224 ram
426 3159 464 3224 ab
496 3159 594 3224 altera
625 3161 724 3242 excipi
755 3163 851 3244 patet,
884 3163 939 3228 sed
971 3165 1024 3246 qui
1048 3163 1147 3228 ordini
1168 3183 1270 3229 rerum
1293 3185 1326 3230 se
1348 3165 1449 3248 appli-

325 3261 416 3339 cavit,
450 3262 565 3343 optime
596 3263 653 3329 hes
680 3263 950 3348 interpretationes
973 3266 1066 3332 aliam
1091 3285 1160 3332 cunr
1184 3267 1246 3332 alia
1269 3269 1449 3332 connectere

324 3365 436 3448 potuit,
451 3366 496 3431 ita
512 3368 546 3430 ut
562 3366 711 3451 ἀμφορεῖς
727 3367 842 3454 κημὸν,
861 3368 1007 3454 torreret
1022 3369 1161 3456 εὐθύνην
1178 3371 1447 3454 consequerentur.

325 3468 405 3533 Tum
436 3469 549 3534 Pollux
579 3471 703 3552 plenem
735 3472 845 3537 seriem
876 3474 1120 3558 magistratuum
1141 3474 1173 3540 in
1196 3475 1254 3540 hac
1277 3476 1376 3557 operis
1400 3475 1448 3539 sui

324 3574 411 3653 parte
434 3573 654 3640 conscribenda
676 3575 727 3640 uel
749 3577 852 3658 potius
884 3577 1073 3644 corrodenda
1103 3578 1202 3644 totam
1234 3579 1347 3657 omisit,
1384 3579 1448 3642 aive

325 3676 464 3742 consulto
487 3676 551 3742 sive
575 3678 771 3762 neglegentia
794 3680 851 3745 hcc
874 3682 992 3746 sactum
1014 3700 1080 3746 esse
1108 3682 1252 3763 opinaris,
1287 3685 1448 3764 magistra·

323 3783 385 3856 tue,
419 3781 530 3860 quibus
555 3799 676 3845 morum
704 3787 735 3846 et
759 3784 902 3864 publicae
925 3785 1033 3848 salutis
1056 3803 1130 3848 cura
1155 3779 1256 3849 delata
1281 3789 1338 3848 est.
1384 3783 1448 3848 Ne-

325 3898 382 3960 que
414 3883 600 3963 agoranomi
635 3903 734 3966 neque
765 3887 927 3970 astynoml
966 3905 1064 3969 neque
1101 3890 1258 3954 curatores
1291 3889 1445 3970 portuum,

324 4001 420 4066 neque
444 3987 635 4066 metronomi‚
660 4006 758 4070 neque
782 3991 936 4055 curatores
959 4009 1098 4056 annonae
1121 4011 1139 4056 a
1161 3991 1290 4056 Polluce
1313 3991 1365 4057 vel
1387 3981 1448 4056 una

426 4295 453 4434 ὲ)
472 4293 664 4434 Sitgungsber.
683 4297 707 4351 d.
727 4296 799 4352 Berl.
819 4299 902 4354 Acad.
925 4301 990 4355 1895
1003 4315 1033 4368 p.
1052 4301 1112 4355 482.
1144 4259 1147 4264 ³

444 4387 497 4448 ln·
534 4383 556 4434 7-

425 4467 618 4535 mamm
