3408 5276
880 509 923 572 54

340 711 460 795 reperto
483 711 662 793 postulavit,
691 729 772 776 nunc
798 711 914 793 optime
937 711 1146 776 confirmatur.
1192 710 1286 793 Apud
1305 704 1468 775 Pollucem

341 833 395 898 pro
417 814 534 899 ἐννόμῳ
557 833 667 896 nempe
689 813 731 878 ἐν
755 813 863 898 μόνῳ
890 814 1084 881 scribendum
1108 815 1164 878 est.
1219 812 1307 894 Quod
1329 831 1389 877 non
1415 830 1466 878 eo·

202 965 204 977 .
340 919 406 984 lum
437 917 615 982 Aristotelis
645 917 732 982 locus
755 917 851 980 55.2
882 917 1014 984 collatus
1046 917 1194 1000 postulat,
1227 916 1281 982 sed
1313 916 1467 981 etiamen

340 1022 416 1104 ipsis
438 1020 576 1086 Pollucis
598 1020 700 1085 verbis
723 1021 893 1085 necessario
916 1019 1160 1086 concludendum
1184 1019 1240 1099 est,
1274 1038 1345 1085 cum
1367 1017 1466 1102 κρίσις

341 1125 460 1190 scribae
482 1123 651 1210 δοκιμασίᾳ
674 1143 865 1190 assessorum
889 1129 1080 1208 opponatur.
1121 1125 1201 1190 Tum
1220 1124 1294 1208 quid
1312 1123 1469 1207 judicium

341 1229 465 1312 ἔννομον
496 1228 546 1307 eit,
578 1246 668 1292 nemo
700 1227 778 1292 mihi
808 1225 1006 1311 interpretari
1038 1228 1161 1310 poterit.
1218 1227 1345 1292 Scilicet
1376 1242 1470 1291 omne·

336 1330 489 1414 judicium
521 1331 655 1416 ἔννομον·
679 1331 720 1396 sit
752 1349 876 1396 necesse
909 1331 965 1410 est,
999 1331 1057 1396 hoc
1084 1333 1140 1410 est,
1170 1330 1324 1414 judicium
1346 1331 1469 1394 nullum

259 1475 263 1485 -
343 1438 461 1498 exstare
483 1433 595 1516 potest,
619 1434 680 1499 nisi
700 1433 770 1518 lege
792 1435 883 1499 antea
906 1434 1121 1499 constitutum.
1175 1434 1221 1497 De
1252 1433 1309 1498 hac
1340 1452 1373 1498 re
1395 1436 1468 1498 tan·

341 1538 408 1601 tum
431 1536 599 1620 disceptari
629 1537 740 1619 potest,
773 1537 876 1601 utrum
900 1537 1023 1602 Polluci
1052 1537 1111 1620 ipsi
1135 1536 1229 1602 etiam
1253 1537 1309 1602 has
1331 1537 1471 1618 ineptias

341 1639 514 1705 tribuamus
536 1659 575 1704 an
600 1639 728 1704 librario
755 1640 878 1704 crimini
900 1639 1017 1704 demus.
1064 1639 1260 1722 Quamquam
1283 1638 1395 1703 Pollux
1417 1639 1470 1703 ta·

341 1744 403 1808 lem
426 1761 457 1807 se
473 1743 624 1824 praebuit,
647 1743 683 1806 ut
706 1743 771 1808 eius
792 1743 953 1827 Ingenium
977 1763 1014 1808 ne
1037 1744 1127 1807 nauci
1150 1743 1275 1827 quidem
1290 1743 1468 1807 habendum

342 1846 391 1924 sit,
424 1845 528 1910 tamen
552 1864 588 1910 ex
609 1845 677 1926 ipsa
699 1846 852 1911 sententia
874 1847 1022 1912 Pollucea
1045 1847 1131 1930 sequi
1159 1845 1258 1924 credo,
1289 1847 1325 1910 ut
1355 1846 1467 1910 lexico-

341 1948 476 2032 graphus
507 1950 610 2013 noster
636 1968 668 2013 re
702 1969 774 2014 vera
796 1949 829 2014 ἐν
853 1948 935 2034 μόνῳ
967 1950 1133 2032 scripserit.
1188 1949 1247 2014 Sed
1280 1949 1374 2014 etiam
1406 1948 1467 2012 alia

343 2052 454 2115 menda
477 2070 492 2114 e
516 2051 635 2115 mutato
659 2054 764 2138 ordino
780 2054 811 2117 et
833 2051 915 2118 tonte
932 2053 1100 2118 Aristotele
1124 2052 1280 2117 contracto
1304 2053 1371 2117 orta
1385 2049 1468 2130 apud

342 2153 502 2218 Pollucem
524 2155 787 2238 reprehendimus.
821 2156 899 2240 §87
923 2157 1000 2223 dicit
1021 2175 1132 2222 novem
1156 2157 1340 2223 archontum
1361 2155 1468 2232 husee,

341 2257 373 2321 in
395 2277 577 2341 unaquaque
599 2261 743 2344 prytanis
765 2261 915 2344 populum
938 2280 1055 2346 rogare,
1079 2261 1274 2345 praetoresue
1296 2261 1374 2324 bene
1396 2278 1468 2322 mu-

341 2378 413 2424 nere
435 2359 524 2444 iungi
545 2361 731 2442 viderentur,
764 2364 803 2442 ct,
837 2364 977 2445 siquem
1010 2364 1143 2446 populus
1174 2364 1256 2428 male
1278 2363 1336 2428 hoc
1359 2361 1471 2426 iecisse

340 2463 536 2541 decrevisset,
560 2465 597 2530 de
620 2467 679 2531 isio
697 2465 845 2549 judicare.
889 2465 973 2545 Quae
998 2468 1101 2532 omnia
1127 2468 1263 2548 primum
1286 2465 1397 2530 vitium
1421 2483 1467 2528 se-

342 2567 414 2630 cuta
445 2569 477 2632 et
500 2586 516 2631 e
540 2586 605 2650 cap.
630 2567 725 2646 ela
756 2588 897 2650 perverse
929 2571 1072 2652 prompta
1104 2589 1170 2634 esse
1204 2587 1264 2632 non
1297 2568 1351 2646 est,
1386 2567 1468 2648 quod

342 2667 451 2734 dicam.
497 2669 578 2734 Tum
601 2671 619 2754 ξ
641 2670 692 2749 91,
725 2690 802 2753 quae
824 2671 989 2754 respondet
1012 2691 1079 2756 cap.
1103 2671 1154 2750 58,
1187 2671 1280 2736 verba
1303 2669 1399 2733 fenile
1423 2670 1470 2734 sic

341 2771 485 2851 mutavit,
515 2774 551 2839 ut
572 2773 759 2854 partIculam
782 2775 838 2836 καὶ
858 2774 941 2839 inter
974 2774 1136 2858 ἐπιτάφιον
1162 2775 1193 2838 et
1227 2781 1292 2849 τοῖς
1316 2770 1471 2858 τελευτη-

342 2873 431 2939 κόσιν
462 2876 620 2942 omitteret
650 2879 681 2942 et
711 2877 814 2956 verbe,
847 2897 925 2960 quae
957 2878 1145 2960 particulam
1176 2880 1231 2941 acl
1257 2875 1363 2942 secuta
1386 2875 1470 2954 sunt,

342 2997 412 3042 cum
445 2979 546 3044 verbis
581 2981 831 3047 antecedentibus
865 2981 1085 3065 conjungeret,
1124 2999 1183 3065 qua
1214 3001 1247 3046 re
1282 2979 1469 3046 sententiam

342 3099 466 3163 prorsus
489 3081 584 3147 aliam
606 3084 716 3149 effecit.
761 3083 859 3150 Credo
884 3105 920 3150 ex
941 3085 989 3150 his
1012 3086 1089 3151 locis
1112 3086 1188 3150 satis
1210 3084 1345 3150 dilucide
1372 3103 1471 3166 appa-

342 3203 418 3268 rere,
442 3203 501 3249 non
518 3185 618 3250 solum
634 3185 794 3252 Pollucem
809 3188 978 3254 Aristotele
993 3189 1059 3271 ipso
1082 3193 1173 3255 usum
1197 3208 1271 3268 esse,
1296 3187 1350 3253 sed
1373 3187 1468 3253 etiam

341 3287 435 3353 verba
457 3289 489 3352 in
519 3289 633 3357 litteris
662 3291 925 3357 commendaticiis
958 3292 998 3357 ad
1020 3291 1225 3359 Commodum
1248 3291 1468 3376 imperatorem

342 3391 432 3470 datis,
465 3391 545 3458 libro
573 3392 660 3458 VIII.
692 3395 843 3478 praefixis,
875 3396 1037 3462 verissima
1071 3415 1157 3461 esse:
1193 3404 1293 3460 ταῦτα
1325 3393 1389 3478 ἐγὼ
1412 3394 1472 3478 μὲν

343 3494 568 3583 συνελεξάμην,
602 3498 649 3562 ότι
682 3500 738 3584 μὲν
768 3499 819 3562 διὰ
841 3500 974 3586 ταχέων,
1008 3501 1085 3564 αὐτὸ
1109 3499 1213 3585 δηλοῖ.
1267 3499 1333 3564 Nos
1356 3497 1471 3563 addere

341 3619 515 3683 possumus,
548 3621 608 3667 non
640 3601 740 3668 solum
772 3603 920 3682 celeriter,
954 3603 1008 3668 sed
1040 3603 1135 3668 eliam
1164 3603 1361 3688 neglegenter
1387 3603 1472 3665 hunc

341 3705 456 3769 librum
488 3705 661 3771 confectum
694 3724 770 3770 esse.
826 3709 862 3770 ln
893 3707 996 3771 'verbis
1029 3707 1208 3772 Aristotelis
1241 3704 1470 3782 contrahendis

340 3807 587 3889 transponendis,
618 3808 831 3892 permutandis
860 3807 980 3874 nullum
1004 3808 1129 3873 modum
1153 3808 1332 3887 adhibebat,
1365 3809 1468 3873 aliena

342 3909 466 3974 aliunde
487 3909 587 3992 petita
608 3909 848 3992 intermiscebat,
873 3911 926 3976 sed
949 3909 993 3976 ita
1014 3914 1129 3990 tamon
1153 3913 1188 3978 ut
1210 3911 1378 3977 Aristotele
1400 3910 1467 3993 ipso

343 4011 441 4096 primo
465 4009 547 4076 fonto
569 4013 717 4092 uteretur,
740 4011 817 4078 alios
833 4013 989 4080 interdum
1013 4015 1136 4080 tantum
1153 4014 1267 4080 auxilio
1283 4013 1473 4079 adscisceret

343 4115 375 4178 et
397 4133 467 4178 cum
483 4114 653 4180 Aristotele
675 4114 910 4182 contaminaret.
943 4115 1004 4196 Qui
1027 4135 1097 4182 cum
1120 4116 1230 4199 plenus
1254 4134 1335 4180 nunc
1358 4115 1467 4192 exstet,

342 4218 432 4282 lacile
454 4218 486 4284 in
501 4217 630 4282 Polluce
653 4218 831 4302 agnoscitur
853 4224 886 4284 ct
908 4222 1076 4299 exsecatur,
1101 4221 1140 4286 iis
1163 4220 1286 4285 indiciis
1309 4219 1471 4299 adhibitis

340 4339 421 4405 quae
443 4339 460 4388 e
481 4320 518 4404 ἐξ
540 4320 686 4384 85-92
709 4339 779 4388 cum
802 4322 856 4388 Ar.
880 4341 947 4406 cap.
969 4323 1012 4388 55
1025 4325 1118 4390 -59
1141 4323 1328 4406 comparetis
1351 4341 1471 4406 cogno·

342 4443 452 4490 numus.
747 4471 750 4478 ι
