3408 5276
764 1363 912 1483 Caput
937 1365 983 1457 ll.

313 1608 612 1714 Quatenus
641 1607 975 1692 Aristotelis
1014 1608 1332 1695 auctoritas
1362 1610 1437 1696 ad

406 1745 674 1850 posteros
703 1744 1016 1848 scriptores
1045 1745 1349 1848 pertineat.

415 1979 513 2044 Sicuti
535 1975 624 2044 initio
647 1978 756 2062 prioris
780 1979 889 2061 capitis
912 1979 1119 2044 Wilamowitz
1141 2001 1238 2064 paene
1261 1983 1447 2072 6611161611-1

311 2082 528 2161 (1611111166161,
562 2081 722 2148 1166116111
747 2083 878 2147 alterum
902 2084 995 2167 capul
1016 2085 1200 2168 incipiamus
1233 2086 1272 2152 ab
1299 2087 1440 2151 6161611-

311 2185 471 2265 dumentis
505 2205 582 2268 quae
614 2185 664 2250 hic
695 2187 741 2250 vir
773 2187 882 2252 doctus
905 2188 986 2253 certo
1010 2189 1099 2254 modo
1122 2191 1226 2272 posuit
1237 2189 1273 2274 ¹).
1318 2189 1438 2270 Quibus

310 2291 372 2354 nixi
404 2291 577 2370 tentemus,
610 2290 715 2356 ulrum
746 2290 836 2355 huius
869 2291 1036 2358 sententias
1068 2292 1150 2356 totas
1182 2293 1366 2376 recipiamus
1398 2312 1436 2357 an

310 2395 447 2459 mutatas
479 2394 510 2458 in
544 2413 632 2458 usum
667 2394 806 2459 nostrum
838 2396 1004 2459 vertamus.
1049 2395 1152 2476 Atque
1175 2397 1233 2460 1166
1256 2396 1382 2476 quidem
1404 2397 1437 2460 in

310 2497 438 2561 dubium
475 2498 578 2559 venire
610 2496 675 2578 jam
706 2515 765 2560 non
793 2498 904 2578 potest,
944 2500 1014 2578 quin
1048 2498 1159 2560 Pollux
1191 2500 1218 2560 ln
1252 2499 1330 2561 libro
1363 2488 1438 2561 lllll.

311 2597 542 2686 conscribendo
566 2597 734 2660 Aristotele
762 2600 832 2681 ipso
867 2600 1014 2662 66116611.
1069 2597 1156 2677 Quod
1179 2599 1239 2663 etsi
1262 2595 1438 2681 Schoffer²l

311 2701 444 2786 negavit,
466 2702 579 2780 tamen,
607 2719 677 2764 cum
700 2700 787 2766 nulla
808 2701 991 2784 argumenta
1013 2701 1053 2766 ad
1076 2703 1262 2766 sententiam
1285 2700 1437 2766 Wilamo-

310 2805 485 2870 millianam
505 2802 728 2868 debililandam
751 2803 850 2868 adhuc
876 2804 1047 2886 protulerit,
1081 2804 1164 2869 valet
1188 2803 1230 2884 id,
1264 2803 1345 2887 quod
1370 2805 1440 2870 luce.

311 2910 423 2974 6161166
447 2928 465 2972 6
488 2905 762 2991 Wilamcuitzic³)
787 2907 1033 2972 demonstratum
1056 2908 1113 2972 661.
1166 2906 1250 2972 Nam
1281 2907 1323 2984 id,
1356 2907 1438 2991 quoti

312 3003 459 3078 Schoffer'
478 3011 563 3090 dicit,
597 3029 629 3076 se
661 3029 721 3076 non
754 3009 876 3074 credere
899 3010 1060 3076 Pollucem
1087 3009 1183 3075 talem
1207 3011 1346 3075 saturam
1369 3011 1438 3076 lan-

311 3115 456 3199 66111616,
479 3115 532 3196 qui
555 3133 625 3179 eum
648 3113 798 3196 legerent,
829 3115 1019 3197 apposuisse,
1053 3114 1228 3196 argumenti
1250 3114 1317 3179 loco
1340 3115 1439 3194 accipi

310 3239 368 3288 non
392 3220 503 3304 polest.
558 3217 641 3298 Quid
671 3219 754 3282 enim
776 3219 890 3283 scimus
922 3217 959 3282 de
982 3218 1035 3297 eis,
1068 3236 1145 3300 quae
1169 3217 1244 3283 artis
1268 3217 1438 3282 rhetoricae

311 3325 462 3406 magister
494 3323 685 3388 conscribere
708 3323 763 3388 aut
784 3323 917 3388 voluerit
939 3323 993 3387 aut
1024 3321 1160 3404 poluerit
1190 3321 1313 3403 praeter
1344 3321 1437 3386 verba

311 3428 389 3494 libro
412 3427 489 3493 VIII
511 3426 669 3510 praefixa?
713 3427 788 3492 Inde
820 3427 1010 3493 econtrario
1042 3425 1189 3507 sequitur,
1223 3425 1259 3489 ul
1290 3425 1395 3490 omnia
1423 3442 1438 3488 e

312 3533 404 3600 variis
436 3533 572 3599 lontibus
604 3532 780 3614 collegerit:
815 3539 915 3595 ταῦτα
947 3530 1011 3614 ἐγὼ
1041 3529 1097 3614 μὲν
1120 3525 1435 3612 συνελεξάμην.

311 3638 456 3704 Κ61116116
467 3637 503 3720 ⁴),
528 3656 599 3702 cum
620 3636 735 3700 librum
758 3655 847 3700 suum
871 3633 1019 3715 concepit,
1042 3631 1348 3696 haeWilamcwitzii
1370 3631 1442 3713 pla·

314 3744 404 3826 gulae
428 3743 599 3808 etiamtunc
621 3741 745 3824 ignotae
772 3739 866 3804 luisse
889 3736 1043 3802 videntur.
1089 3734 1149 3800 Sed
1172 3752 1243 3800 cum
1265 3734 1343 3800 mihi
1366 3751 1442 3799 auc-

319 3951 576 3958 ..ᾳ-φ*-

341 4141 343 4146 ,
418 4080 445 4151 1)
464 4083 481 4136 l.
501 4083 518 4136 l.
537 4083 555 4135 l.
574 4096 600 4149 p.
618 4081 764 4135 acl-307.

418 4169 446 4238 2)
464 4167 678 4224 lchresbericht
704 4167 775 4220 tiber
803 4167 847 4220 dle
865 4164 1055 4219 Fortschritte
1080 4163 1130 4217 der
1147 4162 1233 4216 111666.
1251 4159 1443 4214 Altcrthums·

316 4257 392 4312 wiss.
413 4257 487 4311 1895.
505 4256 556 4308 Bd.
574 4255 616 4308 83.
634 4268 660 4322 p.
679 4253 738 4307 220.

419 4345 446 4408 3)
464 4342 482 4394 1.
501 4341 518 4395 l.
537 4339 556 4393 1.
575 4355 601 4408 p.
620 4338 766 4394 295-298.

416 4429 443 4490 4]
463 4427 516 4482 Stil
534 4427 592 4481 und
610 4426 684 4480 Text
702 4441 726 4494 p.
746 4425 805 4489 244,
824 4424 882 4478 245.
