3408 5276
792 539 996 638 ...At-.-

334 745 529 810 simillimum
552 745 725 827 putandum
749 750 805 821 cst,
834 745 972 808 futurum
995 743 1100 816 luisse,
1124 743 1159 806 ut
1182 740 1365 805 Aristoteles
1388 739 1458 804 leu-

334 849 467 927 daretur,
501 850 528 913 si
549 850 615 914 toto
639 850 723 914 caelo
753 849 816 913 alia
837 848 954 912 tradita
976 849 1078 912 essent
1101 865 1144 924 ae,
1179 864 1256 927 quae
1278 844 1329 909 hic
1351 844 1388 910 de
1410 845 1458 909 lo-

333 951 423 1034 gistis
447 950 604 1016 docuerat.
640 951 671 1017 Si
696 953 800 1017 eontra
815 951 1017 1016 Aristotelem
1040 947 1183 1032 eutbynis
1206 947 1307 1014 officia
1327 947 1459 1030 legista·

333 1072 402 1116 rurn
425 1052 596 1129 tribuisset,
629 1053 838 1130 nullomodo,
867 1053 950 1134 puto,
975 1054 1032 1116 sub
1054 1051 1146 1114 tinem
1169 1069 1244 1132 pure
1270 1049 1457 1113 addidisset:

334 1154 502 1219 διείλεκται
524 1157 718 1240 περὶαύτῶν
741 1155 964 1241 Ἀριστοτέλης
990 1155 1023 1219 ἐν
1046 1165 1085 1240 τῇ
1109 1153 1292 1239 Ἀθηναίων
1315 1151 1458 1236 πολιτείᾳ

335 1257 511 1324 discrimine
543 1259 700 1326 doctrinae
723 1259 928 1326 Aristoteleae
952 1278 988 1323 ne
1012 1259 1132 1342 syllaba
1155 1257 1279 1339 quidem
1301 1257 1457 1320 annotato.

334 1361 459 1425 Adsunt
489 1362 576 1426 nobis
609 1361 648 1426 ad
681 1361 921 1445 comparandum
944 1363 1005 1428 loci
1027 1363 1097 1443 plus
1121 1379 1213 1442 quam
1236 1359 1460 1441 quinquaginta

333 1463 597 1545 Harpocrationei,
625 1464 678 1529 ubi
700 1463 826 1529 libellus
849 1465 1056 1528 Aristoteleus
1080 1462 1236 1527 adhibitus
1260 1463 1316 1526 est.
1361 1458 1457 1538 Quem

334 1567 568 1650 lexicograpbus
591 1569 695 1633 noster
718 1569 811 1632 variis
833 1567 933 1632 modis
957 1567 1101 1649 excerpit,
1133 1568 1198 1629 turn
1223 1563 1315 1628 verba
1338 1563 1459 1627 Aristo-

333 1671 415 1734 telea
437 1671 558 1754 integra
580 1672 701 1750 retinet,
724 1673 792 1736 turn
816 1671 963 1748 oratione,
995 1690 1071 1752 quae
1095 1670 1217 1745 dieitur,
1250 1667 1374 1748 obliqua
1396 1665 1458 1728 uti-

334 1773 394 1850 tur,
426 1773 494 1837 tum
518 1773 718 1838 Aristotelem
750 1773 862 1838 testem
894 1773 1045 1855 producit.
1093 1771 1160 1850 Qua
1191 1773 1223 1834 in
1250 1790 1282 1835 re
1303 1767 1459 1833 interdum

335 1875 455 1954 accidit,
490 1876 658 1957 ubertis
689 1876 783 1942 fontis
814 1877 907 1940 nimis
939 1876 1104 1941 contractis
1131 1893 1203 1940 vera
1225 1872 1378 1938 sententia
1400 1889 1458 1935 non

335 1980 405 2043 ante
429 1981 570 2062 cognosci
593 1981 707 2061 posset,
732 2000 824 2062 quarn
848 1999 945 2045 novus
968 1981 1093 2044 libellus
1116 1980 1203 2043 nobis
1222 1977 1353 2042 donatus
1369 1975 1459 2049 esset,

335 2083 422 2147 velut
454 2102 478 2146 s.
502 2101 530 2146 v.
555 2081 668 2159 ἱππολςε
701 2082 924 2168 Ἀριστοτέλης
946 2083 1008 2147 δ’ἐν
1030 2081 1212 2168 Ἀθηναίων
1234 2078 1377 2163 πολιτείᾳ
1400 2098 1459 2161 φη·

336 2186 383 2247 σίν
406 2186 452 2248 ὅτι
476 2183 585 2249 Σίλων
608 2187 650 2262 εἰς
672 2189 692 2248 4
716 2186 811 2250 διεῖλε
843 2186 921 2272 τέλη
954 2189 989 2250 cb
1022 2197 1083 2249 πᾶν
1114 2185 1241 2269 πλῆθος
1263 2181 1458 2268 Ἀθηναίων,

335 2289 689 2374 πεντακοσιομεδίμνους
729 2293 784 2354 καί
821 2289 933 2365 ἱππίας
978 2292 1032 2352 καί
1069 2289 1214 2373 ζευγίτας
1250 2289 1306 2350 καὶ
1342 2287 1457 2370 θῆτας.

336 2389 421 2469 Quae
453 2411 488 2455 ex
511 2391 563 2455 Ar.
597 2412 663 2476 cap.
688 2393 716 2456 7.
750 2393 781 2458 3.
805 2395 948 2474 sumpsit,
980 2393 1092 2457 omisso
1125 2391 1285 2455 enuntiato
1309 2388 1460 2470 καθάπερ

336 2493 465 2578 διῄρητο
489 2495 715 2578 καὶπρότερον
746 2497 799 2574 ita,
832 2498 868 2559 ut
899 2496 1066 2559 secundum
1090 2492 1365 2575 Harpocrationem
1388 2491 1460 2553 Ari-

335 2595 462 2660 stoteles
494 2595 606 2660 dixisse
630 2597 781 2674 videatur,
814 2597 958 2662 Solonem
990 2597 1126 2678 primum
1156 2594 1305 2676 populum
1329 2591 1460 2658 Atheni·

336 2698 454 2761 ensium
478 2697 510 2762 in
534 2701 678 2780 quattuor
710 2701 786 2764 istas
810 2700 923 2764 classes
957 2699 1161 2764 distribuisse.
1207 2697 1324 2762 Revera
1356 2697 1460 2760 autem

335 2802 519 2867 Aristoteles
553 2803 719 2881 contendit,
759 2803 902 2868 Solonem
934 2803 1055 2867 ordines
1087 2803 1158 2866 ante
1190 2821 1261 2865 eum
1289 2800 1354 2884 jam
1387 2817 1460 2863 con-

336 2905 461 2971 stitutos
493 2907 557 2970 suis
581 2909 701 2971 tantum
724 2906 846 2989 legibus
869 2907 900 2970 et
921 2907 1074 2971 institutis
1098 2904 1353 2969 accommodasse.
1401 2901 1461 2967 Sed

335 3028 517 3091 numquam,
549 3010 603 3074 ubi
634 3011 836 3077 Aristotelem
868 3010 989 3083 laudat,
1023 3010 1088 3074 eius
1120 3008 1277 3073 doctrinae
1308 3005 1461 3071 contraria

336 3111 434 3174 affert.
479 3111 611 3177 Omnino
643 3113 796 3178 affirmare
827 3131 1001 3194 possumus,
1034 3113 1072 3176 ab
1095 3110 1337 3194 Harpocratione
1367 3108 1461 3173 verba

335 3214 525 3279 Aristotelea
548 3217 662 3298 optime
686 3220 865 3282 conservata
896 3235 973 3295 esse,
1005 3216 1172 3281 sententias
1204 3215 1269 3278 eius
1288 3212 1460 3296 justissime

336 3316 473 3383 redditas
490 3337 567 3394 esse,
593 3321 800 3403 quotcumque
822 3321 898 3385 loeis
915 3319 1177 3402 Harpocrationca
1198 3319 1367 3400 ponderare
1386 3333 1459 3397 pos·

336 3439 442 3484 sumus
465 3441 482 3484 e
504 3422 606 3487 verbis
630 3425 799 3489 ceterorum
822 3425 1107 3507 lexicographorum
1132 3440 1322 3505 graecorum.
1359 3418 1461 3484 Semel

335 3523 457 3586 tantum
481 3543 494 3587 s
529 3544 558 3588 v.
581 3525 753 3611 ἐπιστάτης
770 3557 809 3583 =
825 3528 880 3591 Ar.
905 3546 971 3608 cap.
995 3527 1047 3590 44.
1070 3528 1186 3591 iontem
1209 3526 1369 3606 tantopere
1390 3542 1459 3586 mu·

335 3625 416 3704 tilat,
447 3628 483 3691 ut
505 3627 671 3693 dorcadion
694 3630 873 3713 πρυτάνεων
906 3632 937 3694 et
959 3628 1114 3712 προέδρων
1144 3648 1233 3710 pares
1256 3629 1351 3692 fuisse
1374 3626 1460 3692 vide-

337 3731 435 3807 antur,
474 3750 543 3795 cum
575 3751 681 3796 revera
711 3733 761 3798 hio
794 3735 832 3798 ab
865 3734 919 3797 illo
955 3732 1077 3796 domurn
1112 3733 1193 3796 sorte
1226 3734 1389 3809 crearetur,
1428 3731 1459 3794 id

337 3832 417 3914 quod
448 3833 569 3916 integer
591 3837 775 3901 Aristoteles
806 3855 861 3900 nos
893 3836 1007 3900 docuit.
1057 3836 1162 3900 Altero
1185 3836 1252 3901 loco
1272 3855 1299 3900 s.
1323 3855 1351 3900 ν.
1379 3836 1460 3898 ἀντι-

336 3935 474 4018 γραρεὺς
490 3937 692 4002 Aristotelem
715 3940 843 4004 liberius
859 3941 1007 4004 tractasse
1030 3939 1160 4019 videtur,
1185 3940 1222 4004 de
1246 3958 1306 4022 qua
1326 3959 1359 4004 re
1381 3939 1462 4002 iufra

336 4038 462 4103 uberius
495 4040 659 4106 dicendum
691 4043 758 4106 erit.
812 4043 927 4108 lisdem
960 4043 1009 4107 vel
1041 4043 1194 4108 similibus
1226 4042 1327 4107 verbis
1350 4042 1461 4125 quibus

334 4143 441 4206 nostro
464 4142 531 4207 looo
554 4143 789 4226 Harpocration.
805 4145 1007 4211 Aristotelem
1039 4146 1121 4211 hisee
1153 4145 1229 4211 loeis
1255 4146 1366 4210 testem
1392 4163 1460 4227 pro-

332 4243 440 4309 ducit:
465 4264 489 4310 s.
508 4265 536 4309 ν.
561 4245 832 4334 διαμεμετρημὲνη
856 4247 971 4333 ἡμέρα,
996 4247 1164 4334 διαιτηταί,
1189 4247 1372 4332 πρυτανεία,
1397 4267 1460 4310 πω-

338 4347 445 4433 ληταί.
495 4349 619 4414 Primus
641 4351 728 4415 locus
751 4355 902 4434 quatenus
925 4371 961 4416 ex
983 4352 1151 4417 Aristotele
1173 4353 1315 4434 pendeat,
1348 4350 1460 4434 dijudi-

329 4455 400 4516 oari
415 4473 474 4518 non
492 4456 602 4536 potest,
627 4455 699 4536 quia
715 4455 822 4520 charta
834 4456 1027 4539 Aegyptiace
1042 4456 1099 4520 sub
1110 4455 1204 4520 finem
1217 4457 1300 4538 (pag.
1314 4453 1460 4518 XXXVl.
