3396 5278
783 537 843 601 1:23

346 739 461 822 Opinor
485 741 549 805 veri
573 739 707 806 similius
738 759 805 806 esse
834 741 973 806 Psellum
996 745 1090 806 talem
1115 746 1255 824 qlossam
1284 743 1369 808 adhi-

244 847 357 923 buisse,
381 848 431 908 cui
452 847 514 928 jam
538 847 641 910 omnia
665 851 804 910 veterum
828 848 1020 928 scriptorum
1044 849 1222 911 testimonia
1243 854 1367 912 resecta

244 939 358 1026 essent,
384 967 474 1030 quam
499 947 647 1013 Pholium
670 941 725 1036 apt
740 949 879 1028 Suidam,
904 969 920 1013 9
943 949 1150 1031 quibusalter
1165 951 1249 1017 locos
1272 951 1369 1035 scrip-

243 1041 352 1128 torum,
377 1051 456 1116 alter
477 1051 603 1116 nomina
625 1052 769 1116 servavit.
817 1053 896 1116 Tum
928 1053 986 1118 lex.
1020 1053 1091 1136 Seg.
1115 1052 1154 1118 V.
1177 1073 1213 1120 ea
1235 1074 1267 1118 re
1290 1055 1370 1119 inter·

244 1153 319 1217 alios
343 1153 466 1218 excellit
490 1155 607 1218 etcum
625 1153 728 1218 Psello
753 1156 906 1238 congruit,
929 1155 1009 1236 quod
1033 1157 1132 1220 solum
1149 1159 1206 1220 tria
1222 1157 1372 1222 vocabula

243 1257 443 1334 enumerarit,
467 1257 579 1339 quihus
610 1257 749 1322 rhetores
780 1275 892 1321 nomen
924 1257 1111 1340 adjectivum
1145 1267 1277 1342 πατρῷα
1308 1260 1369 1324 irn-

243 1359 436 1442 posuissent:
460 1359 677 1444 κτήματα,
699 1359 834 1443 τόποι,
855 1360 1073 1446 χρήματα,
1091 1381 1171 1444 quae
1185 1362 1372 1444 respondent

242 1463 553 1547 Ρ991119919οϊιιφ,
578 1462 773 1548 χωρίοις,
798 1463 1004 1549 χρήμασι.
1053 1465 1182 1544 Deinde,
1200 1467 1366 1548 quaepol

242 1565 416 1631 Psellienao
438 1567 654 1650 respondeant,
685 1568 717 1632 in
742 1567 854 1632 Snidae
886 1569 1031 1639 thesauro
1062 1569 1177 1655 frustra
1208 1571 1368 1652 quaesivi;

242 1667 273 1733 in
296 1670 394 1734 lexico
416 1671 603 1753 Segneriano
626 1671 654 1734 V
676 1671 813 1754 glossam
837 1673 1009 1736 miserrime
1033 1673 1259 1748 detruncatam,
1292 1693 1371 1756 quae

243 1773 419 1853 comparari
430 1773 538 1854 possit,
563 1774 684 1838 inveni:
714 1795 743 1857 p.
769 1773 843 1840 217.
862 1774 900 1838 17
925 1776 992 1838 εὐοῖ
1016 1775 1118 1861 σαβοῖ,
1144 1777 1282 1860 μυστικὰ
1304 1777 1371 1840 ἐπι-

244 1877 428 1962 φθέγμοιτα.
477 1879 608 1944 Accedit
629 1881 710 1963 quod
735 1899 842 1946 causas
865 1880 1023 1966 προβολήν
1045 1882 1077 1946 91
1091 1879 1384 1966 καταχειροτονίαν1

243 1983 363 2062 praeter
377 1981 516 2048 Psellum
533 1984 552 2065 ξ
569 1985 605 2046 ll
625 1984 724 2048 solum
740 1983 799 2048 lex.
816 1983 886 2066 Seg.
904 1985 940 2048 V.
958 1983 1032 2049 168.
1057 1984 1097 2047 27
1113 2003 1174 2049 uno
1197 1986 1263 2049 loco
1286 2003 1371 2050 com·

242 2083 412 2165 prehendit,
445 2086 517 2151 licet
550 2087 672 2152 diversa
695 2087 861 2170 proferant.
908 2088 1045 2170 Denique
1069 2089 1209 2154 Psellum
1233 2107 1253 2154 a
1277 2089 1372 2155 Suida

244 2187 415 2266 dissentire,
454 2209 524 2256 cum
562 2190 622 2256 lex.
654 2190 776 2274 Segv
814 2192 987 2256 consentire
1021 2192 1185 2257 manifesto
1220 2193 1322 2257 elucet
1355 2211 1372 2257 e

241 2293 344 2375 glossa
367 2293 546 2378 ἀμφιοφκίοι.
591 2294 659 2374 Qua
680 2295 712 2358 in
735 2313 768 2358 re
791 2313 897 2358 omnes
919 2295 1127 2376 lexicographi
1150 2296 1181 2358 in
1206 2295 1283 2359 duas
1306 2295 1371 2359 dis·

243 2397 356 2460 cedunt
389 2398 493 2478 partes
505 2396 541 2479 ¹).
590 2397 726 2480 Hesych.
761 2417 787 2460 s.
820 2416 868 2460 vv.
901 2395 1090 2480 ἀμφωμοσία
1126 2400 1158 2461 91
1190 2395 1370 2482 ἀμφιοριιίοι,

244 2498 328 2563 Suid.
353 2517 378 2562 s.
401 2519 429 2562 ν.
454 2499 626 2584 ἀμφιορκίοι
649 2500 761 2566 docent
783 2499 972 2584 ἀμφιοριιίοιν
1000 2498 1051 2582 jus
1071 2499 1240 2582 Jurandum
1263 2499 1370 2577 fuisse,

242 2619 302 2684 quo
332 2622 402 2667 reus
435 2605 655 2686 accusatorque
686 2603 828 2668 adstricti
859 2605 973 2668 essent.
1027 2603 1129 2668 Aliter
1154 2605 1213 2668 lex.
1238 2605 1308 2684 Sep.
1331 2603 1370 2668 V.

242 2705 314 2769 311.
338 2706 389 2784 23,
422 2706 480 2771 lex.
512 2708 582 2790 Seg.
605 2707 658 2771 IV.
683 2707 756 2771 184.
778 2707 808 2784 9,
842 2707 923 2772 Poll.
946 2707 1033 2771 Vlll.
1059 2706 1120 2770 12⁵2
1151 2707 1230 2772 hanc
1263 2725 1371 2772 vocem

242 2809 405 2890 explicant,
439 2809 622 2891 quibuscum
655 2809 731 2874 iacit
754 2809 876 2874 Psellus
900 2811 918 2891 ᾗ
943 2809 993 2872 18.
1047 2809 1185 2888 Quorum
1217 2811 1371 2872 sententia

242 2913 379 2994 accepta,
402 2910 571 2996 ἀμφιορκία
602 2913 651 2976 991
676 2911 729 2994 jus
753 2911 922 2994 jurandum
945 2929 1003 2975 non
1027 2912 1128 2974 solum
1152 2930 1170 2974 a
1191 2930 1243 2975 reo
1266 2912 1297 2974 et
1319 2929 1371 2974 ae·
1452 2899 1456 2904 ¹

242 3019 391 3092 curatore,
415 3015 470 3080 sed
493 3015 587 3079 etiam
612 3034 630 3079 a
649 3014 754 3096 judice
777 3014 895 3078 datum.
941 3014 984 3077 At
1007 3013 1150 3095 quoniam
1174 3013 1265 3078 modo
1288 3013 1369 3076 vidi-

241 3137 320 3193 mus,
351 3117 407 3181 lex.
441 3119 511 3200 Seg.
543 3117 587 3181 IV
618 3135 738 3198 quoque
769 3117 895 3181 illarum
927 3117 1022 3181 luisse
1054 3117 1211 3197 partium,
1254 3117 1366 3198 quihus

242 3221 366 3286 Psellus
389 3223 515 3299 laveret,
548 3239 619 3285 ere
642 3220 737 3284 sitin
762 3220 946 3284 sententiam
971 3219 1217 3284 Wentzelianam
1241 3238 1333 3300 supra
1344 3219 1370 3302 ²)

240 3323 405 3388 refutatam
429 3323 591 3404 inquirere.
646 3322 714 3386 ldtsi
738 3323 821 3386 enim
844 3321 1028 3404 Gregorium
1052 3321 1245 3386 Corinthium
1269 3323 1370 3385 exter·
1471 3371 1474 3378 .

242 3427 435 3504 minavimus,
460 3428 563 3490 tamen
586 3426 656 3490 lons
679 3425 745 3508 ejus
767 3425 891 3490 Psellus
915 3443 986 3489 cum
1008 3425 1106 3489 lerico
1123 3424 1309 3508 chueriano
1325 3424 1369 3486 lV

242 3531 411 3612 comparari
442 3531 554 3612 potest.
608 3529 711 3610 Atque
742 3547 775 3592 re
808 3547 882 3593 vera
904 3528 1045 3593 videmus
1069 3529 1188 3593 exstare
1211 3529 1367 3610 quandam

240 3633 322 3696 inter
343 3650 395 3696 eos
418 3633 578 3696 rationem.
624 3631 765 3695 Primum
788 3632 806 3714 ξ
828 3630 871 3694 29
899 3631 1123 3716 κληρωταὶ
1146 3629 1188 3692 δὲ
1211 3628 1367 3715 ἀρχαί,

242 3734 504 3819 πράκτορες,
552 3734 761 3821 ἐκζλογεῖς
800 3736 875 3797 καὶ
911 3734 1197 3817 ἀντιγραφεῖς
1233 3733 1369 3816 legimus

241 3838 300 3904 lex.
324 3839 393 3922 Seg.
417 3838 471 3903 lV.
498 3839 568 3902 190.
591 3839 643 3917 ⁶26,
674 3839 728 3905 ubi
750 3857 805 3921 pro
828 3837 1004 3922 ἀντιγραφή
1028 3838 1160 3920 quilibet
1182 3837 1249 3902 loco
1272 3836 1369 3901 Pselli

241 3943 376 4006 nondum
408 3941 531 4025 cognito
561 3943 808 4008 emendationem
840 3941 1055 4026 decerperetur
1086 3943 1118 4006 in
1142 3941 1289 4023 margine
1312 3940 1369 4004 ad·

243 4045 410 4126 scripserit.
454 4046 837 4130 Τιιωδιαψήφισιν,
872 4045 1166 4130 ἀποψήφισιν,
1196 4045 1367 4127 ἔφεσιν,

346 4386 373 4450 1)
392 4383 542 4452 Stojentin,
561 4382 644 4436 dhbh.
662 4383 680 4436 f.
699 4383 770 4436 Phil.
790 4385 848 4438 119.
869 4383 935 4438 1819
953 4397 979 4450 p.
1002 4382 1049 4436 114
1067 4397 1130 4437 ann.
1151 4383 1174 4436 1.

344 4470 373 4538 2)
392 4485 418 4538 p.
438 4469 495 4523 115.
