3408 5276
790 513 832 578 25

254 716 421 803 ἐπώνυμα,
447 718 475 782 αἱ
498 718 532 782 δὲ
561 717 608 800 [0,
642 719 739 801 epea
761 719 793 782 αἱ
838 719 865 784 ot
889 720 923 782 δὲ
953 721 990 782 10
1014 723 1066 784 τὸν
1098 720 1244 804 ἀριθμόν,
1279 720 1375 804 ἀφ’ὡν

254 820 350 902 polae
372 821 685 907 προςηγορεύθησαν,
814 821 869 919 ,αἱ
892 822 989 904 φυλαὶ
1011 822 1324 908 πραςηγαρεὺθησαν.

566 1057 571 1066 ’
698 1063 701 1076 1
761 1041 764 1048 '
803 1039 806 1048 '
837 1031 899 1094 lull.¹
926 1029 1019 1096 Dem.
1045 1048 1076 1110 p.
1099 1028 1191 1108 lullo.
1221 1027 1375 1114 ἐπώνυμοι

841 1130 890 1213 10,
915 1131 968 1213 ἀφ’
985 1131 1027 1192 ὢν
1050 1129 1243 1216 ἐκλήθησαν
1266 1131 1298 1195 αἱ
1319 1151 1376 1214 φυ-

253 1233 318 1294 olor
340 1229 526 1316 Ἐρεχθεύς,
551 1231 678 1314 Αἰγεύς,
708 1231 790 1296 Παν-
836 1231 902 1314 λαί,
921 1243 976 1296 τοῦ
992 1234 1070 1297 θεοῦ
1083 1242 1174 1296 ταῦτα
1184 1233 1372 1318 χρήσαντος.

253 1333 336 1415 δίων,
360 1332 461 1416 Λεώς,
486 1332 643 1419 Ἀκάμας,
669 1333 789 1418 Οἰνεύς,
812 1333 815 1418 Ι
836 1337 918 1419 ἦσαν
934 1335 968 1398 δὲ
983 1338 1088 1400 οὗτοι·
1108 1335 1294 1421 Ἐρεχθεύς,
1320 1336 1375 1400 Ar-

252 1435 395 1519 Κέκροψ,
409 1434 599 1520 Ἱπποθόων,
614 1437 706 1520 Αἴας,
719 1436 790 1502 Ἀν-
812 1421 815 1531 1
834 1439 920 1521 γεὺς,
945 1438 1113 1521 Ἀργώδων
1136 1440 1239 1522 (siet),
1271 1438 1372 1520 Λεώς,

252 1537 375 1622 τίοχος.
391 1549 491 1604 ταῦτα
506 1539 591 1603 δὲτὰ
604 1539 790 1625 1οὀνόματα
812 1550 814 1688 Ι
834 1539 991 1626 Ἀκάμας,
1010 1541 1130 1625 Οἰνεύς,
1151 1541 1294 1625 Κὲκραψ,
1312 1540 1375 1606 Ἱπ-

252 1642 314 1707 aaa
329 1640 362 1725 ,ρ’
385 1641 536 1718 enteca
554 1642 669 1724 εἵλετο,
694 1643 789 1708 Κλει-
812 1719 814 1736 Ι
835 1645 975 1727 coitur,
993 1644 1166 1729 Ἀντίοχος,
1185 1644 1285 1720 Αἶας·
1304 1645 1375 1707 τοὺ-

253 1743 385 1820 aeteae
407 1748 488 1810 οὕτω
505 1744 730 1829 διαταξαμένου
753 1749 789 1810 τὸ
811 1737 814 1842 l
835 1769 906 1824 τους
915 1751 975 1832 γὰρ
986 1747 1018 1825 ἐξ
1028 1748 1188 1833 ὀνομάτων
1205 1747 1376 1822 ΙΟΟὸθεὸς

252 1858 313 1914 πᾶν
335 1848 462 1934 πλῆθος
485 1849 527 1924 εἰς
551 1849 591 1912 10
613 1848 725 1932 φυλάς.
810 1882 813 1931 q
834 1850 1012 1928 ἐξελέξατο.

354 2002 422 2082 Qua
444 2004 475 2066 in
499 2023 532 2068 re
555 2003 649 2068 verba
672 2021 741 2068 mea
763 2023 822 2069 non
846 2004 890 2070 sic
912 2005 1056 2087 intellegi
1079 2007 1157 2082 volo,
1190 2006 1225 2071 ut
1248 2005 1375 2070 conten-

252 2108 333 2182 dam,
364 2107 466 2186 ipsum
490 2106 711 2191 Etymologum
734 2127 859 2172 munere
882 2109 1112 2173 contaminandi
1135 2110 1275 2173 functum
1299 2127 1374 2186 esse,

252 2208 332 2290 quod
348 2209 407 2272 etsi
422 2207 460 2272 ad
483 2208 559 2272 alias
582 2209 701 2292 glossas
724 2209 864 2292 quadrat,
893 2211 996 2276 nostro
1019 2211 1086 2276 loco
1109 2230 1234 2293 prorsus
1258 2229 1377 2294 negan-

252 2313 325 2375 rlum
357 2312 421 2386 est,
454 2313 526 2394 quia
557 2314 678 2377 tanturn
706 2312 816 2395 judicii
847 2314 916 2378 istis
948 2313 1124 2379 hominibus
1156 2332 1215 2378 non
1239 2315 1375 2378 tribuere

253 2433 425 2496 possumus.
479 2415 587 2498 Neque
617 2417 675 2481 lroc
698 2436 800 2500 urgeo,
834 2418 898 2495 laos,
933 2435 991 2481 non
1024 2418 1100 2482 alios
1133 2417 1251 2481 similes
1277 2417 1375 2482 fontes

254 2519 480 2584 contaminandi
514 2539 621 2585 ansam
653 2519 785 2586 dedisse.
843 2522 874 2584 ln
898 2522 1075 2587 universum
1099 2523 1179 2586 enirn
1203 2522 1239 2586 de
1263 2519 1375 2602 glossis

254 2623 293 2687 ad
309 2641 357 2686 res
370 2622 510 2705 publicas
522 2622 745 2706 judicialesque
763 2623 948 2690 Graecorum
965 2624 1199 2707 pertinentibus,
1213 2627 1375 2706 quotcum-

253 2725 357 2808 quein
373 2727 479 2790 lexicis
495 2726 715 2810 Etymologlcis
739 2728 770 2792 et
792 2727 963 2807 rhetoricis
987 2727 1068 2810 apud
1083 2727 1228 2792 Photium
1249 2726 1375 2790 etHa1·-

252 2829 459 2911 pocrationem
482 2831 689 2909 inveniuntur,
722 2831 780 2894 viri
814 2832 897 2896 docti
919 2832 988 2915 jure
1010 2831 1041 2895 in
1065 2830 1122 2894 hac
1146 2830 1298 2894 sententia
1321 2847 1373 2892 ac·

251 2931 480 3017 quieverunt¹)‚
514 2935 617 2999 omnia
649 2954 664 2997 e
696 2935 775 2999 libro
799 2935 932 3016 quodam
956 2935 1129 2999 oratoribus
1153 2933 1255 2998 atticis
1279 2933 1376 3013 expli·

251 3035 356 3100 randis
388 3037 502 3118 scripte
533 3040 601 3102 orta
631 3055 714 3109 esse.
748 3038 949 3120 scriptoribus
982 3037 1052 3102 aliis
1076 3039 1211 3119 aperies
1228 3035 1299 3101 aliis
1321 3055 1376 3118 per

251 3139 351 3202 varias
382 3141 528 3223 ambages
561 3139 598 3204 ad
632 3157 825 3204 communem
857 3141 973 3205 fontem
1008 3140 1245 3204 recurrentibus.
1292 3137 1375 3217 Quas

251 3239 369 3324 glossas
392 3243 560 3308 rhetoricas
584 3244 699 3324 optime
722 3244 793 3308 inde
816 3244 1039 3326 cognoscimus,
1072 3246 1152 3324 quod
1184 3242 1301 3305 similes
1324 3260 1376 3305 ex-

252 3345 336 3409 stant
372 3347 403 3409 iu
440 3345 694 3428 Harpocrationis
732 3345 838 3412 lexico.
899 3345 987 3424 Quod
1019 3345 1058 3410 ad
1090 3345 1208 3426 glossas
1240 3343 1375 3427 Etymol.

253 3447 359 3531 Magni
382 3449 503 3528 attinet,
528 3449 662 3513 vidimus
685 3450 855 3532 permultas
878 3447 960 3530 apud
976 3447 1250 3530 Harpocrationem
1266 3445 1375 3510 iisdem

255 3552 354 3616 uerbis
376 3553 532 3634 explicari,
565 3553 652 3630 alias,
681 3553 707 3618 si
730 3571 788 3617 non
814 3553 949 3631 eaedem,
977 3553 1083 3616 tamen
1104 3550 1376 3634 Harpocrationeis

252 3655 370 3720 similes
402 3658 482 3734 sunt,
514 3658 703 3738 praestantia
734 3676 789 3722 sua
821 3657 909 3722 nulla
932 3655 1064 3733 excellit,
1098 3655 1203 3720 contra
1226 3652 1376 3735 plurimae

252 3756 336 3822 vitiis
358 3759 526 3838 abundant,
559 3779 636 3843 quae
660 3763 733 3826 nata
755 3762 843 3825 erant
866 3780 881 3826 e
906 3762 1038 3843 pessime
1062 3757 1229 3825 contractis
1253 3759 1285 3821 et
1307 3777 1375 3840 per-

251 3877 336 3924 verse
367 3861 533 3929 intellectis
566 3863 711 3929 lontibus.
765 3863 930 3929 Praeterea
956 3881 1102 3946 persaepe
1125 3861 1214 3926 nobis
1237 3878 1376 3926 occurre·

253 3962 327 4028 bant
357 3965 428 4045 loci,
459 3967 512 4050 qui
542 3969 574 4033 in
607 3967 745 4051 singulas
776 3969 879 4049 partes
904 3967 1000 4032 dividi
1023 3967 1158 4050 possent.
1215 3963 1313 4044 Quam
1338 3962 1376 4026 ol>

251 4084 314 4130 rem
343 4067 409 4152 jam
440 4072 539 4152 primo
561 4071 650 4136 initio
673 4070 900 4137 eoncedendum
933 4073 989 4150 est,
1025 4071 1107 4134 idem
1138 4067 1285 4133 hocloco
1308 4065 1374 4130 fleri

252 4167 398 4246 potuisse.
1373 4199 1376 4204 .

253 4342 504 4352 -u—--—-..---—.

352 4451 379 4517 1)
398 4450 478 4505 Cohn
497 4452 513 4504 l.
533 4453 549 4504 l.
569 4466 594 4520 p.
615 4451 672 4505 827.
