3408 5276
773 545 813 608 73

47 747 187 829 γραφαί
210 745 388 829 δωροξενίας
1304 749 1485 834 δωροξενίας

99 899 116 922 „
175 847 385 932 συκοφαντίας
432 909 434 921 ,
555 851 765 934 συκοφαντίας
934 858 1145 942 συκοφαντίας
1306 851 1515 935 συκοφαντίας

103 1002 119 1026 ,.
177 947 282 1034 δώρων
432 960 433 1002 l
554 952 658 1037 δώρων
933 960 1038 1044 δώρων
1189 959 1192 1106 φ
1303 955 1407 1039 δώρων

104 1105 121 1132 „
177 1052 434 1144 nevernensi
553 1055 797 1143 leudenensis
1305 1059 1547 1142 νευδεννρανῆς

101 1207 121 1234 ,,
175 1155 434 1255 ψευδοκλητείας
1190 1109 1193 1311 Ι

432 1261 434 1291 ¹
554 1261 668 1346 ὕβρεως
932 1265 1003 1350 ρ
951 1265 1047 1350 ων
1305 1264 1420 1348 ύβρεως

103 1412 120 1439 ,,
175 1361 368 1446 βουλεύσεως
554 1363 746 1448 βουλεύσεως
932 1366 1125 1452 βουλεύσεως
1305 1364 1496 1450 βουλεύσεως

104 1515 121 1540 „
157 1464 329 1548 -ἀγραφίου

105 1621 123 1648 ,,
176 1567 319 1652 μοιχείας
557 1567 696 1653 μοιχείας
933 1570 1075 1656 μοιχείας
1304 1567 1444 1653 μοιχείας

1187 1618 1266 1771 daut
1289 1671 1406 1735 ἄλλων.

326 1939 393 2005 Ηοι·
415 1941 483 2006 loeo
515 1942 630 2024 optime
661 1944 833 2008 eommunis
856 1944 951 2008 trium
975 1946 1260 2029 lexicographorum
1283 1947 1349 2011 fons

222 2045 416 2128 perspicitur.
474 2045 556 2110 Nam
579 2065 638 2111 non
662 2047 763 2112 solum
801 2066 907 2112 omnes
938 2049 1000 2112 tres
1032 2049 1163 2113 eundem
1196 2049 1350 2114 delectum

223 2167 384 2213 causarum
420 2150 457 2214 ab
484 2148 653 2215 Aristotele
685 2151 933 2216 enumeratorum
967 2151 1123 2233 praebent,
1157 2153 1210 2217 sed
1247 2154 1349 2237 γραφὴ

223 2251 337 2336 ὕβρεως
366 2251 398 2315 in
430 2251 538 2317 eodem
568 2251 636 2317 looo
671 2256 710 2318 ab
733 2254 876 2318 omnibus
907 2255 1007 2318 tribus
1031 2255 1231 2336 scriptoribus
1255 2256 1350 2321 eollo-

223 2354 311 2418 oatur
341 2355 373 2418 ot
402 2356 520 2437 γραφαὶ
543 2353 683 2440 μοιχείας
705 2356 737 2419 et
759 2337 952 2442 βουλεύσεως
974 2356 1013 2421 ab
1035 2355 1146 2420 iisdem
1170 2358 1278 2420 eodem
1300 2374 1350 2420 or-

224 2455 295 2520 dine
316 2457 440 2522 inverso
463 2455 688 2523 deseribuntur.

471 2719 507 2799 b)
540 2720 568 2781 in
592 2719 700 2800 glossa
724 2720 937 2804 ἄρχοντες
959 2721 1007 2784 uel
1032 2722 1100 2784 sim.

326 2906 445 2972 Eadem
467 2905 570 2990 capita
591 2907 692 2972 libelli
713 2906 904 2986 Aristotelei
936 2927 1014 2990 quae
1045 2909 1167 2992 glossae
1199 2908 1351 2993 ἡγεμονία

224 3009 426 3096 δικαστηρίου
459 3009 685 3093 componendae
719 3011 883 3076 materiem
915 3010 1203 3093 suppeditaverant,
1236 3012 1351 3076 inoerto

223 3114 273 3178 illi
295 3113 413 3179 auotori
435 3111 548 3180 iterum
571 3114 642 3176 usui
665 3113 760 3192 erant,
793 3131 864 3177 oum
887 3130 993 3178 vocem
1017 3115 1231 3202 ἄρχοντες
1254 3113 1352 3196 expli·

224 3219 317 3282 caret.
356 3217 416 3282 Sed
432 3216 476 3282 ibi
499 3216 593 3280 aliam
615 3216 768 3280 rationem
790 3216 914 3280 seoutus
947 3217 995 3281 est
1017 3235 1115 3299 nequo
1139 3218 1268 3281 ourabat
1290 3217 1352 3280 dis-

222 3321 360 3405 jungere,
385 3340 461 3404 quae
484 3341 503 3385 a
526 3337 645 3402 quoque
668 3320 856 3403 magistratu
878 3321 958 3386 aetio
981 3321 1022 3384 sit
1044 3320 1198 3399 instituta,
1220 3319 1274 3384 sed
1295 3337 1352 3402 po·

227 3425 289 3490 tius
311 3430 449 3506 ipsorum
472 3425 713 3510 magistratuum
736 3423 838 3489 officia
861 3423 953 3488 oertis
975 3423 1087 3488 finibus
1103 3422 1352 3488 onoumsoribere

227 3528 259 3592 in
281 3528 383 3594 auimo
405 3527 549 3594 habebat.
603 3527 688 3607 Quae
719 3546 755 3592 ex
780 3528 837 3592 hao
860 3527 965 3611 glossa
988 3527 1106 3609 reliqua
1128 3527 1259 3604 exstant,
1292 3527 1352 3590 mi-

227 3629 311 3695 nima
333 3631 406 3695 sunt
428 3632 460 3695 et
480 3631 602 3696 tantum
621 3629 759 3695 divinare
782 3630 865 3708 lieet,
889 3630 963 3713 quid
986 3631 1017 3694 in
1037 3630 1201 3714 archetypo
1215 3629 1351 3711 pleniore

228 3734 377 3816 seriptum
392 3735 493 3802 fuerit.
530 3736 601 3802 Lex.
620 3735 689 3816 Seg.
705 3733 743 3798 V.
762 3733 832 3797 199.
849 3733 915 3798 9et
929 3733 983 3798 Vl.
999 3731 1073 3797 450.
1087 3732 1117 3811 9,
1134 3751 1211 3815 qnae
1228 3731 1353 3798 confusa

228 3839 300 3902 sunt
321 3838 360 3902 ab
383 3839 432 3904 Et
455 3838 499 3904 M.
525 3839 672 3917 151.11‚
704 3838 737 3902 in
759 3837 904 3902 archonte
936 3855 1086 3919 eponymo
1118 3837 1292 3902 subsistunt
1322 3837 1354 3901 et

228 3942 398 4006 ceterorum
428 3942 609 4007 arehontum
640 3941 764 4008 tantum
794 3941 920 4006 nomina
942 3940 1057 4020 dieunt,
1090 3943 1123 4006 at
1144 3941 1260 4018 eodem,
1293 3957 1353 4022 quo

228 4043 310 4126 apud
342 4043 437 4110 schol.
471 4047 559 4110 Dem.
591 4044 664 4109 706.
698 4042 739 4108 12
769 4044 912 4128 legimus,
951 4043 1077 4109 ordine:
1116 4043 1351 4120 thermothetae

229 4165 287 4224 rer,
310 4147 534 4229 polemerohus,
559 4149 690 4225 σκεύους
716 4167 807 4230 quem
830 4147 967 4213 ordinem
992 4147 1088 4214 sohol.
1113 4146 1194 4213 Plat.
1219 4145 1352 4210 Phaedr.

228 4247 291 4311 235
323 4249 516 4333 D(Dr”1bner
538 4249 564 4316 l.
595 4271 625 4333 p.
658 4249 730 4315 704.
764 4248 819 4334 22)
851 4250 998 4316 turbavit
1053 4249 1103 4313 Ad
1135 4267 1212 4331 quae
1243 4247 1353 4312 rudera

228 4353 410 4435 complenda
441 4354 579 4438 singulas
611 4353 802 4438 singulorum
827 4352 1114 4438 lexicographornm
1137 4351 1256 4432 glossas
1280 4369 1352 4415 con-

228 4455 304 4520 terre
326 4456 438 4539 placet.
