3396 5278
762 518 804 582 97

223 726 327 792 666616
356 723 526 789 tribunalia
557 723 651 788 simul
685 720 854 804 eodemque
891 719 996 786 ordine
1033 721 1253 796 tractaverunt,
1290 738 1346 784 666

223 829 313 894 16661
343 826 517 909 exemplum
551 825 707 907 antiquius
744 824 978 888 fundamentum
1010 825 1153 890 omuibus
1184 841 1347 888 commune

223 931 329 994 161666.
916 934 919 940 ’

327 1031 500 1095 Discrimen
532 1030 632 1094 solum
662 1031 744 1094 inter
773 1029 857 1094 looos
874 1022 982 1111 lsupre
1003 1028 1189 1110 perquisitos
1213 1030 1244 1093 et
1265 1029 1348 1092 huno

225 1153 261 1198 66
290 1154 324 1199 re
355 1133 538 1209 continetur,
576 1133 657 1214 quod
694 1134 760 1196 tum
798 1131 1012 1195 auctoritatem
1044 1130 1224 1195 Aristotelis
1256 1133 1347 1195 certis

225 1237 416 1320 argumentis
439 1237 576 1300 66166666
598 1236 767 1318 potuimus,
790 1236 847 1298 hoo
867 1235 934 1299 loeo
957 1234 988 1297 in
1005 1234 1097 1298 dubio
1111 1233 1347 1316 relinquendum

226 1343 289 1417 est,
327 1358 442 1404 ususoo
480 1340 521 1402 sit
551 1339 605 1402 1116
635 1339 770 1403 16666166
800 1337 891 1402 166161
922 1337 1066 1401 rhetorici
1098 1338 1205 1401 auctor
1240 1337 1348 1402 libello

225 1445 329 1508 nostro
353 1442 390 1506 de
413 1441 584 1524 Republica
605 1441 842 1506 Atheniensium
872 1458 977 1504 66666.
1022 1439 1105 1504 11161
1127 1439 1194 1504 veri
1216 1439 1348 1504 similius

227 1547 283 1624 ost,
306 1545 378 1627 quio
399 1545 625 1627 Harpocration
647 1547 677 1609 io
701 1545 806 1609 fabula
828 1543 1037 1628 mythologice
1059 1542 1097 1607 16
1112 1543 1254 1608 Palladio
1278 1561 1349 1607 oum

226 1649 354 1712 Polluce
377 1650 408 1713 et
429 1649 488 1712 lex.
513 1649 583 1732 Sug.
606 1649 643 1712 V.
677 1649 819 1731 congruit
850 1650 882 1712 et
912 1647 969 1711 sub
1001 1647 1152 1728 separetis
1173 1645 1275 1710 titulis
1298 1645 1350 1708 ἐπὶ

227 1749 391 1835 Δελφινίῳ,
416 1751 467 1814 ἐπὶ
489 1751 661 1836 Παλλαδίῳ
684 1751 886 1816 Aristotelem
908 1751 1022 1814 testem
1045 1749 1143 1826 affort,
1171 1751 1231 1813 etsi
1252 1750 1349 1814 vesti·

227 1856 286 1938 giis
308 1855 400 1919 huius
423 1875 483 1919 non
506 1856 627 1920 fortiter
647 1857 805 1938 ingressus
829 1853 922 1937 est¹J.
969 1854 1012 1917 At
1034 1852 1116 1935 quod
1138 1852 1261 1934 saepius
1281 1852 1349 1916 ani-

228 1958 466 2036 madvertimus,
505 1959 643 2042 singulas
681 1959 872 2042 singulorum
908 1957 1195 2040 lexicographorum
1231 1956 1350 2039 glossas

227 2061 318 2126 modo
340 2061 492 2144 pleniores
514 2062 605 2127 modo
626 2063 781 2127 breviores
805 2060 913 2126 eadem
927 2061 1074 2141 repetere,
1099 2079 1177 2142 quoe
1192 2059 1222 2123 in
1239 2057 1351 2141 glossis

230 2166 328 2229 multu
349 2165 444 2229 simul
465 2166 632 2248 complexis
654 2166 797 2249 legimus,
829 2164 912 2229 idem
943 2164 1048 2228 nostro
1070 2163 1139 2227 looo
1161 2162 1351 2226 observetur.

229 2268 313 2346 Quae
335 2268 393 2332 lex.
417 2269 507 2334 Dom.
529 2288 559 2351 p.
586 2269 647 2332 138
669 2268 708 2334 61
731 2270 749 2350 ξ
772 2267 812 2332 71
846 2267 883 2332 16
914 2266 1032 2349 origine
1054 2263 1165 2348 Judioii
1189 2264 1240 2326 ἐπὶ
1262 2262 1350 2326 Παλ-

226 2369 326 2460 λαδίῳ
358 2372 472 2450 norret,
504 2371 605 2438 verbis
635 2371 706 2454 plus
737 2371 877 2435 minusve
910 2367 1075 2433 contractis
1098 2368 1129 2432 et
1151 2365 1351 2431 commutatis

230 2493 300 2538 eum
331 2493 380 2556 ap.
412 2473 508 2539 sohol.
540 2474 653 2538 Aesoh.
685 2473 714 2536 2.
747 2472 799 2550 87,
844 2473 940 2555 Horp.
973 2491 998 2536 6.
1031 2490 1061 2534 6.
1095 2469 1147 2532 ἐπὶ
1179 2464 1352 2550 Παλλαδίῳ

230 2579 323 2660 (unde
345 2577 431 2643 Suid.
455 2605 496 2634 =
520 2579 567 2644 111.
590 2579 634 2643 M.
657 2578 729 2642 362.
754 2579 796 2641 43
820 2580 851 2644 61
872 2579 931 2644 lox.
956 2578 1026 2660 Seg.
1041 2575 1081 2640 V.
1103 2571 1179 2638 257.
1194 2569 1260 2654 23),
1284 2573 1353 2635 tum

231 2681 311 2763 epud
332 2700 395 2760 eos,
418 2682 471 2764 qui
493 2682 595 2747 omnia
614 2681 732 2766 judicio
754 2681 1089 2757 61661166616666661,
1112 2675 1267 2759 leguntur.
1305 2671 1353 2736 De
1376 2733 1378 2741 .

232 2784 396 2867 Delphinio
418 2784 476 2848 lex.
499 2783 589 2848 Dem.
613 2804 642 2866 p.
668 2783 729 2847 138
751 2784 791 2849 61
814 2786 832 2867 §
855 2784 897 2847 74
924 2785 956 2848 ot
977 2783 1035 2848 lex.
1059 2780 1129 2862 Sug.
1152 2778 1191 2842 V.
1214 2776 1287 2840 255.
1313 2774 1354 2838 19

231 2906 301 2951 oum
331 2887 458 2953 Polluce
490 2887 694 2952 consentiunt.
748 2887 845 2969 Harp.
878 2907 902 2952 6.
931 2906 959 2950 6.
991 2885 1043 2948 ἐπὶ
1074 2877 1226 2963 Δελφινίῳ
1258 2875 1353 2958 (6616

230 2991 288 3055 166.
311 2990 404 3056 Vind.
419 3011 449 3072 p.
466 2990 518 3055 59.
537 2991 565 3069 1,
589 2989 675 3054 uuio.
700 3009 723 3054 6.
747 3010 787 3068 6.,
810 2990 862 3054 111.
885 2989 928 3054 M.
952 2987 1025 3052 358.
1048 2983 1142 3067 1661))
1166 2983 1198 3047 61
1219 2979 1354 3063 Hesyoh.

232 3114 256 3158 6.
279 3113 308 3158 6.
331 3093 382 3157 ἐπὶ
404 3092 555 3177 Δελφινίῳ
578 3094 636 3158 hoo
658 3095 779 3158 tantum
804 3094 923 3171 curant,
958 3110 1036 3174 quae
1067 3087 1198 3153 crimina
1228 3082 1268 3148 61
1297 3081 1356 3145 hoo

232 3198 332 3260 forum
355 3197 551 3261 1616166161.
596 3196 632 3260 16
663 3195 830 3279 Prytaneio
863 3195 900 3260 16
931 3194 1043 3275 lapide,
1077 3191 1174 3272 ligno,
1206 3187 1297 3260 ferro,
1330 3183 1357 3246 61

233 3317 342 3365 666666
364 3299 473 3364 mortis
496 3299 657 3364 ouiusdam
688 3299 823 3376 fuerunt,
856 3297 1031 3380 judicatum
1063 3311 1130 3358 6666
1163 3307 1223 3353 666
1255 3286 1356 3351 solum

232 3403 291 3466 lox.
315 3402 435 3486 Seg.V
466 3421 520 3466 nos
553 3403 697 3468 certiores
728 3400 813 3478 16611,
852 3399 906 3464 661
937 3398 1034 3463 etiam
1065 3395 1163 3474 Harp.
1196 3408 1273 3454 66.
1305 3386 1357 3449 ἐπὶ

233 3503 412 3590 Πρυτανείῳ
437 3504 531 3588 (6616
555 3503 641 3569 Suid.
665 3522 688 3566 6.
712 3523 741 3568 v.
766 3500 936 3567 61Π1.Μ.
963 3498 1036 3562 362.
1060 3495 1127 3574 34).
1170 3489 1356 3557 16611666

234 3606 595 3692 6138113961176
627 3606 752 3687 propius
784 3604 823 3668 61
854 3603 1014 3666 Pollucem
1042 3596 1170 3663 6666111.
1215 3593 1356 3673 Denique

229 3711 349 3792 judicio
372 3710 406 3773 ἐν
428 3709 586 3793 Φρεαττοῖ
608 3708 669 3774 1661
691 3706 854 3772 11666161
876 3700 1118 3785 comparandum
1144 3697 1264 3775 dosunt,
1287 3713 1358 3759 oum

234 3813 331 3896 Herp.
348 3831 372 3876 6.
396 3831 424 3876 6.
448 3811 481 3875 ἐν
497 3811 656 3894 Φρεαττοῖ
671 3810 765 3895 (6616
779 3809 828 3873 Mt.
846 3807 889 3872 M.
905 3807 979 3870 344.
995 3802 1215 3888 6566166666.
1231 3819 1256 3864 6.
1271 3818 1302 3863 v.
1325 3797 1358 3861 ἐν

241 3985 497 3992 ————.—-.-—

342 4106 368 4169 1)
387 4104 496 4167 Kaibol,
515 4103 567 4157 Stil
584 4103 642 4156 und
660 4101 735 4155 ’1661
752 4116 777 4168 p.
797 4099 856 4153 238.

337 4193 365 4255 2)
384 4191 494 4244 Additis
512 4187 794 4256 interpretationibus
811 4183 1021 4252 nrythologiois,
1049 4193 1121 4246 quae
1142 4175 1303 4241 discrepant
1321 4172 1356 4225 ab

237 4277 479 4339 6611611616166116,
505 4275 623 4338 Polluci,
650 4274 707 4326 lex.
726 4273 814 4335 Dem,
842 4271 899 4324 lex.
918 4269 981 4334 seg.
1001 4267 1027 4320 V
1054 4265 1138 4318 notis.
1176 4259 1307 4314 Gaisford
1324 4257 1360 4310 61

236 4362 307 4416 huso
333 4363 421 4416 verbo
447 4362 489 4414 Et.
510 4361 543 4412 M.
572 4360 651 4414 effert
678 4357 798 4410 Vzetzeo
823 4355 910 4409 sohol.
930 4354 965 4407 61
982 4351 1120 4419 Lycophr.
1140 4346 1191 4399 2¹08
1218 4347 1246 4398 et
1272 4343 1359 4398 sehol.

237 4448 331 4515 Eurip.
350 4449 459 4515 Hippol.
478 4449 536 4500 977.
555 4448 614 4500 919.

1140 4535 1169 4586 47
