3408 5276
892 553 934 616 46

454 758 586 824 Omnino
601 757 678 824 mihi
699 777 747 823 res
771 757 942 844 periculosa
964 757 1114 840 valdeque
1138 756 1232 820 dubia
1254 775 1320 822 esse
1344 755 1478 833 videtur,

350 861 506 945 indagare,
532 859 604 943 quid
628 861 813 926 Aristoteles
836 860 968 925 scribere
991 859 1135 945 potuerit,
1159 859 1233 942 quid
1256 859 1369 924 minus.
1417 859 1477 923 l'a·

352 965 466 1030 cillime
490 963 602 1042 evenit,
634 966 679 1042 ut,
714 964 795 1046 quod
817 963 882 1048 ipse
906 982 975 1034 non,
990 963 1160 1048 scripturus
1183 962 1286 1041 fueris,
1319 962 1478 1027 auctorem

351 1068 441 1133 tuum
464 1067 624 1150 scripsisse
647 1087 739 1151 neges
762 1068 909 1152 temporis
932 1068 1053 1134 ratione
1074 1067 1225 1152 neglecta.
1264 1066 1378 1132 Contra
1396 1066 1478 1149 quod

352 1171 504 1252 quomodo
534 1171 601 1255 ipse
633 1171 725 1235 scribi
757 1170 813 1248 vis,
846 1171 879 1236 id
909 1171 936 1236 si
967 1189 1028 1236 non
1059 1173 1165 1238 eodem
1198 1171 1303 1236 ordine
1327 1171 1479 1254 scriptum

351 1275 533 1360 reppereris,
558 1275 714 1360 scriptoris
738 1274 867 1341 oonsilio
891 1274 1025 1340 alienum
1045 1275 1247 1359 judicandum
1267 1275 1298 1340 et
1313 1275 1480 1356 antiquiori

353 1377 431 1443 tonti
462 1378 658 1444 tribuendum
691 1396 770 1455 esse,
804 1378 911 1443 statim
943 1397 1058 1443 censes.
1118 1377 1206 1458 Quod
1237 1377 1409 1462 periculum
1439 1396 1477 1441 ne

355 1481 561 1548 Wilamowitz
593 1481 725 1563 quidem,
759 1501 818 1563 quc
849 1501 938 1546 nemo
969 1481 1166 1566 profundiore
1199 1481 1355 1560 (lectuna,
1388 1499 1478 1546 nemo

354 1585 543 1666 elegantiore
563 1582 680 1668 judicio
693 1586 853 1670 praeditus
868 1587 925 1665 est,
948 1586 1069 1651 vitavit.
1115 1587 1163 1652 Ita
1185 1586 1317 1671 exempli
1339 1585 1478 1669 gratia¹)

355 1687 515 1764 ὁδοποιοὺς
537 1689 588 1752 54.
615 1689 628 1751 l
654 1689 756 1772 potius
780 1707 933 1754 unacum
957 1687 1141 1773 ἀστυνόμοις
1163 1689 1255 1756 5052
1279 1687 1482 1772 conjunxerit,

355 1789 505 1875 λογιστάς
527 1792 578 1854 54.
602 1790 622 1853 2
646 1791 751 1856 statim
775 1792 977 1875 εἰςαγωγεῠοι
1001 1789 1052 1856 52.
1076 1791 1106 1866 2,
1133 1791 1152 1855 3
1185 1792 1216 1856 et
1238 1801 1303 1868 τοῖς
1326 1789 1479 1874 τεσσαρά-

356 1916 454 1958 κοντα
477 1896 529 1960 53.
555 1896 582 1974 1,
607 1893 628 1958 2
651 1896 839 1973 annexuerit,
872 1895 954 1977 quod
985 1895 1022 1960 de
1055 1894 1286 1981 παραδείγμασι
1319 1895 1410 1978 atque
1442 1895 1479 1958 de

356 1997 466 2081 πέπλῳ
490 1995 540 2064 49.
565 1999 586 2062 3
608 1999 751 2082 legimus,
776 2017 811 2064 eo
834 2000 1067 2083 transposuerit,
1100 1999 1153 2064 ubi
1177 1999 1214 2064 de
1238 2001 1346 2064 ceteris
1369 1998 1479 2063 olficiis

357 2101 476 2164 senatui
499 2101 634 2184 demptis
653 2103 807 2166 tractatur
831 2103 883 2167 45.
906 2102 937 2180 3,
969 2121 1073 2168 curam
1106 2103 1250 2168 victorias
1282 2105 1313 2167 et
1344 2104 1480 2187 praemia

355 2201 485 2268 faciendi
511 2205 562 2268 49.
586 2203 606 2266 3
628 2204 673 2269 ibi
695 2205 817 2288 legerit,
848 2205 903 2270 ubi
935 2205 972 2270 de
999 2223 1072 2270 cura
1094 2206 1218 2271 navium
1242 2205 1404 2270 disseritur
1428 2202 1477 2268 46.

356 2305 440 2384 Quae
463 2326 532 2372 curn
556 2327 616 2372 non
633 2307 737 2372 ordine
761 2307 1031 2375 aWilamcwitzio
1055 2310 1210 2394 postulato
1230 2309 1385 2393 descripta
1408 2309 1478 2384 siut,

357 2411 447 2475 nimis
471 2411 612 2476 lubenter
635 2413 757 2496 culpam
779 2413 827 2476 illi
851 2413 927 2479 fonti
943 2413 1131 2480 Aristoteleo
1150 2413 1301 2477 attribuit.
1341 2411 1401 2477 Sed
1423 2411 1480 2476 hoc

356 2514 490 2576 nondum
520 2515 725 2598 disceptatum
758 2517 814 2593 ast,
847 2535 921 2580 num
952 2517 1016 2580 tam
1050 2517 1195 2580 subtilem
1219 2515 1394 2597 argumenti
1417 2515 1480 2577 dis-

356 2616 541 2699 positionem
572 2617 602 2679 in
635 2617 691 2682 hoc
721 2617 870 2680 librorum
894 2616 1151 2682 Aristoteleorum
1183 2635 1293 2700 genere
1324 2615 1481 2699 postulare

356 2718 459 2782 liceat.
504 2719 578 2783 Veri
606 2719 799 2786 simillimum
832 2720 910 2785 mihi
942 2719 1162 2798 ascendetur,
1194 2720 1275 2802 quod
1298 2719 1349 2784 Br.
1373 2719 1445 2783 Keil
1456 2719 1481 2802 ²)

356 2823 507 2906 exposuit,
539 2822 741 2888 Aristotelem
774 2824 806 2888 in
829 2823 1000 2907 Republica
1022 2824 1259 2889 Atheniensium
1284 2825 1421 2908 primum
1445 2822 1481 2904 de

358 2926 466 2989 senatu
490 2927 568 3009 (cap.
592 2925 743 3008 eet-49),
767 2927 835 2992 tum
852 2926 889 2991 de
904 2927 1140 3010 magistratibus
1157 2930 1236 3011 (cap.
1254 2925 1403 3009 50-62),
1429 2924 1481 2990 de-

356 3028 447 3108 nique
470 3027 506 3092 de
525 3028 650 3110 judiciis
675 3030 753 3114 (cap.
777 3029 818 3093 63
842 3029 900 3112 sq.)
915 3031 1032 3113 egisse,
1067 3030 1192 3116 quia-in
1208 3029 1349 3094 Politicis
1372 3029 1406 3113 (Z
1428 3027 1481 3112 [Δ]

360 3132 399 3192 14
421 3151 450 3215 p.
478 3130 581 3196 129712
603 3133 868 3218 41-129823)
903 3135 1011 3199 eodem
1042 3134 1148 3199 ordine
1179 3137 1215 3197 πὸ
1247 3131 1479 3219 βουλευόμενον,

358 3235 394 3295 τὸ
425 3237 495 3318 περὶ
526 3238 582 3312 τὰς
613 3236 726 3322 ἀρχάς,
760 3240 796 3300 τὸ
828 3237 955 3317 δικάζον
987 3238 1046 3302 tria
1077 3239 1317 3320 uniuscuiusque
1348 3235 1482 3300 civitatis

356 3335 557 3403 fundamenta
580 3359 645 3404 esse
669 3339 869 3406 definivisset.
915 3339 1075 3420 Quomodo
1098 3341 1202 3406 autem
1217 3341 1347 3404 alteram
1364 3341 1481 3422 partem

359 3442 396 3506 de
419 3443 652 3525 magistratibus
675 3444 836 3528 dispertire
861 3446 890 3508 in
914 3445 1016 3510 animo
1039 3444 1177 3523 haberet,
1200 3443 1306 3508 auctor
1327 3443 1394 3526 ipse
1416 3460 1481 3524 cup.

356 3543 444 3610 43.l
470 3547 546 3612 satie
570 3548 672 3632 operte
694 3548 901 3612 indicaverat:
925 3549 1060 3631 primum
1084 3547 1165 3611 enim
1184 3548 1385 3631 magistratus
1402 3545 1482 3610 sorte

359 3649 477 3728 ductor,
510 3651 576 3714 tunr
609 3650 754 3734 suffragio
787 3649 970 3715 constitutos
1002 3650 1090 3714 nobis
1117 3650 1251 3734 proferre
1274 3649 1381 3714 voluit.
1427 3645 1483 3710 Oui

358 3754 487 3817 consilio
511 3753 672 3836 posteriori
693 3754 778 3837 prius
801 3753 878 3818 illud
902 3752 1042 3817 nonnihil
1063 3753 1284 3837 impedimento
1307 3752 1374 3818 fuit.
1416 3748 1482 3828 Quo
1551 3756 1554 3760 ’

465 4107 491 4172 1)
508 4106 699 4160 Wilamowitn
710 4107 726 4159 l.
740 4107 757 4160 l.
771 4106 789 4160 l.
809 4106 868 4169 226,
881 4107 939 4160 213.
971 4106 1108 4161 Similiter
1120 4107 1165 4161 Br.
1179 4107 1250 4172 Keil,
1263 4108 1308 4162 die
1321 4107 1483 4162 solonische

361 4193 536 4260 Verfassuug
554 4194 583 4247 in
595 4193 769 4247 Aristotelos’
784 4193 1137 4260 Verfessungsgeschichte
1149 4195 1265 4248 Athens.
1292 4195 1388 4249 Berlin
1407 4195 1482 4249 1892.

361 4293 387 4347 p.
406 4278 458 4332 230
476 4294 539 4334 ann.
558 4279 776 4347 2judicaverat,
805 4281 834 4334 at
855 4279 930 4334 huno
949 4280 1075 4334 ordinem
1094 4281 1165 4335 fonti
1183 4281 1354 4338 Aristotelea
1373 4281 1484 4336 crimini

360 4365 430 4420 dare
447 4381 505 4421 non
522 4380 609 4420 ausus
628 4368 696 4420 erat.

465 4470 493 4539 2)
512 4468 529 4522 l.
548 4470 565 4523 l.
584 4485 609 4538 p.
629 4469 687 4525 229.
