3408 5276
739 557 779 621 61

198 753 309 825 11111111
333 759 536 843 explicatione
558 761 758 842 acquiescunt
772 761 816 845 'lt
839 762 895 829 lex.
918 760 988 846 Seg.
1005 761 1042 828 V.
1065 760 1137 827 275.
1155 761 1206 840 22,
1231 762 1321 828 Phot.

199 883 222 927 s.
245 881 274 927 ν.
297 860 508 945 κωλακρέτοιι,
532 862 590 926 ier.
614 862 701 928 Cant.
726 883 750 929 s.
772 881 813 942 v,
836 863 992 930 Timaeus.
1017 863 1074 928 lex.
1098 865 1220 930 Platon.
1245 885 1270 930 s.
1293 885 1321 945 v,

200 966 284 1034 Suid.
307 986 331 1030 s.
355 985 394 1044 u,
419 966 514 1032 schol.
530 967 584 1031 Ar.
602 965 696 1050 Vesp.
709 967 783 1044 695,
808 968 940 1053 Hesych.
966 989 990 1034 s.
1008 989 1036 1035 ν.
1056 989 1152 1054 neque
1174 970 1214 1036 ad
1228 971 1322 1036 Mich.

201 1070 293 1135 Psell.
305 1069 330 1154 ²)
353 1087 420 1152 cap.
443 1069 494 1137 34.
539 1069 606 1150 Quo
628 1071 706 1136 nihil
728 1071 916 1138 luculentius
940 1074 1086 1155 declarat,
1110 1093 1202 1158 quam
1225 1093 1324 1158 pauca

200 1173 235 1238 de
257 1173 350 1239 huius
373 1173 578 1258 magistratus
602 1175 712 1240 officiis
735 1176 820 1240 aetas
836 1177 987 1258 posterior
1002 1179 1158 1260 comperte
1171 1178 1323 1243 hahuerit.

199 1277 305 1360 Neque
327 1276 386 1341 hoc
409 1277 548 1344 futurum
567 1277 661 1342 luisse
684 1278 784 1354 credo,
808 1279 835 1344 si
851 1278 1046 1359 Aristoteles,
1071 1281 1103 1345 at
1126 1299 1184 1346 non
1201 1280 1324 1344 Andro-

199 1380 262 1445 tion
302 1379 395 1445 huius
436 1380 637 1463 magistratus
670 1381 703 1445 in
733 1381 841 1446 libello
874 1399 929 1447 suo
963 1383 1152 1448 mentionem
1191 1383 1323 1448 iecisset.

200 1481 283 1561 Quae
306 1501 376 1547 cum
398 1482 444 1548 ita
475 1483 548 1562 sint,
578 1483 719 1550 lubenter
742 1484 952 1568 Stojentino³)
976 1485 1153 1564 concedam,
1185 1503 1221 1550 ea
1252 1504 1324 1567 quo·

201 1605 267 1668 que,
304 1604 382 1668 quae
412 1585 646 1670 lexicographus
679 1587 821 1652 misellus
853 1587 924 1670 Seg.
956 1589 1011 1655 IV.
1037 1587 1108 1654 190.
1142 1588 1181 1651 15
1212 1588 1324 1663 hedai,

200 1688 269 1754 inda
297 1688 448 1770 originem
479 1708 568 1754 suam
599 1689 709 1755 ducere
740 1709 838 1772 neque
872 1690 954 1756 hunc
976 1689 1013 1754 de
1032 1689 1167 1774 Juridice
1190 1689 1322 1772 quadem

202 1793 421 1858 colecretarum
444 1793 598 1874 potestate
620 1793 716 1876 loqui.
753 1794 959 1859 Enuntiatum
974 1793 1113 1859 Pollucis
1136 1793 1325 1875 postremum

202 1897 286 1980 εἶχον
308 1893 335 1958 δ’
356 1893 499 1973 ἐξουσίαν
521 1915 617 1978 usquc
641 1896 680 1962 ed
701 1897 795 1962 finem
818 1897 1003 1981 paragraphi
1035 1898 1095 1962 etsi
1125 1916 1142 1961 c
1175 1895 1268 1979 Lysia
1294 1894 1323 1957 9.

201 1997 389 2064 ihaustum
412 2017 472 2064 non
497 1999 594 2079 est‘),
625 2000 729 2064 tamen
763 2000 934 2065 similitudo
969 2019 1039 2064 cum
1072 2000 1174 2064 verbis
1198 1998 1326 2063 oratoris

202 2101 287 2167 attici
319 2103 437 2168 iontem
469 2103 555 2167 nohis
587 2103 721 2168 indicat:
754 2104 872 2168 lexicon
896 2104 1092 2182 rhetoricum,
1130 2102 1325 2168 adoratores

202 2207 311 2271 atticos
333 2205 581 2287 interpretandos
605 2207 819 2288 compositum.
876 2206 993 2271 Locum
1017 2206 1055 2270 de
1078 2205 1235 2287 epodeotis
1259 2205 1327 2269 Sto·
1413 2251 1415 2256 -

197 2308 333 2391 jentin⁵)
366 2309 525 2374 colacretie
557 2309 753 2392 transpositis
780 2310 881 2375 totum
905 2310 945 2374 ad
967 2309 1191 2374 Androtionem
1213 2307 1326 2372 referre

202 2413 279 2478 vult.
324 2412 409 2478 Cum·
425 2413 517 2478 verba
540 2413 713 2478 ἐκαλοῦντο
735 2411 761 2477 δ’
776 2415 861 2477 οὗτοι
885 2411 1085 2496 κωλοκρὲται
1108 2411 1147 2476 ed
1170 2410 1213 2486 εἰς
1235 2409 1325 2474 δικο-

204 2515 330 2601 οοὴριον
360 2517 514 2582 reicienda
542 2536 608 2584 esec
633 2518 818 2601 negaverim,
850 2535 909 2582 nen
936 2517 1043 2595 haheo,
1075 2533 1129 2581 our
1160 2515 1231 2579 huic
1263 2531 1327 2578 scn-

203 2621 317 2686 tentiae
340 2620 519 2702 adstipuler.
574 2621 754 2687 Uberiorem
777 2621 901 2705 quidem
923 2620 1039 2686 iontem
1063 2638 1081 2685 a
1102 2617 1230 2684 Polluce
1254 2635 1327 2682 con-

203 2725 335 2790 tractum
366 2742 432 2790 esse
460 2723 527 2807 jam
557 2724 629 2790 inde
661 2726 798 2807 apparet,
831 2723 913 2806 quod
944 2723 1037 2788 verba
1064 2721 1092 2784 et
1114 2719 1147 2784 δέ
1170 2741 1199 2782 τι
1222 2719 1327 2804 μεῖζον

205 2829 252 2914 εἴη
285 2828 391 2911 utique
422 2828 590 2910 postulent,
623 2830 659 2893 ut
690 2829 780 2894 antea
813 2831 851 2894 do
873 2827 1043 2892 minoribus
1066 2844 1121 2890 seu
1143 2823 1251 2888 multis
1274 2839 1328 2887 seu

206 2932 382 2998 criminibus
406 2932 600 3015 disputatum
631 2933 683 3012 sit,
714 2932 795 3015 quod
827 2931 1028 2996 desideratur.
1083 2927 1181 3008 Quem
1204 2925 1327 2990 Andro·

204 3035 319 3100 tionem
342 3035 437 3101 fuisse
459 3036 495 3100 ut
517 3037 702 3116 statuemur,
724 3035 814 3122 nulla
833 3037 952 3100 ratione
975 3033 1124 3118 cogimur.
1168 3031 1236 3095 Hoc
1257 3031 1328 3094 tan-

206 3142 270 3204 tum
303 3139 457 3204 eiiirmare
490 3158 672 3222 possumus,
711 3139 912 3206 Aristotelem
947 3157 1007 3203 non
1039 3137 1222 3219 usurpatum
1254 3151 1328 3200 esso.

206 3241 281 3308 (ium
304 3244 386 3308 enim
410 3244 505 3308 ceteri
535 3243 754 3326 lexicographi,
782 3244 879 3324 Harp.
912 3261 936 3307 s.
959 3261 988 3306 v.
1021 3239 1207 3322 ἀποδέκται,
1239 3237 1328 3302 lenio.

207 3346 276 3431 Sug.
299 3347 337 3412 V.
357 3347 428 3413 198.
454 3347 471 3410 l
496 3373 536 3404 ετ.
559 3349 616 3413 lex.
641 3349 712 3431 Seg.
735 3347 789 3412 Vl.
812 3345 886 3411 427.
911 3345 960 3423 18,
986 3344 1069 3410 suid.
1095 3363 1119 3408 s.
1143 3361 1173 3408 ν.
1194 3341 1244 3424 (ex
1265 3342 1329 3422 epi·

207 3452 289 3516 tome
312 3450 422 3536 Harp.)
444 3450 632 3518 Aristotelea
655 3452 721 3517 sola
742 3449 882 3528 reddant,
914 3448 1090 3532 conjectura
1120 3445 1255 3529 quadam
1279 3461 1329 3506 aa·

209 3663 466 3673 -n—...m

311 3801 338 3868 1)
366 3799 437 3853 Sero
467 3799 581 3866 inspexi
611 3796 880 3852 commentationem
909 3793 993 3860 heop.
1024 3789 1131 3852 (iohnii,
1159 3787 1194 3841 (ie
1224 3785 1330 3839 Aristo·

209 3885 298 3953 phane
310 3885 450 3954 Byzantio
469 3886 498 3938 et
516 3883 652 3938 Suetonio
666 3881 828 3949 Tranquillo
844 3878 988 3934 liustathii
1001 3875 1165 3932 auctoribus
1182 3873 1228 3926 in:
1246 3870 1329 3926 lhhh.

209 3971 253 4025 fiir
269 3971 341 4026 Phil.
377 3970 534 4039 suppl-Bi.
553 3969 607 4023 XX
635 3969 701 4023 1881
720 3983 745 4035 p.
764 3967 822 4022 187.
851 3981 914 4021 ann.
933 3964 975 4028 32,
1002 3963 1052 4018 ubi
1069 3962 1144 4017 idem
1158 3959 1217 4030 jam
1237 3957 1341 4054 obser--

209 4058 305 4112 vetum
326 4057 449 4112 invenio.

311 4140 338 4209 2)
364 4140 424 4210 περὶ
450 4143 502 4191 τῶν
528 4138 663 4202 ὀνομάτων
688 4143 740 4190 τῶν
767 4137 843 4189 δικῶν
870 4137 911 4192 ed.
932 4134 1032 4203 iligne,
1050 4133 1193 4199 Patrolog.
1212 4140 1332 4198 graecae

210 4241 309 4282 cursus
328 4227 485 4295 completus
502 4225 570 4280 tom.
590 4224 647 4280 122.
666 4237 691 4292 p.
713 4221 891 4278 1007-1022.

311 4315 340 4380 3)
368 4314 384 4367 1.
402 4313 420 4366 l.
438 4326 464 4380 p.
485 4313 526 4366 19.

311 4400 339 4463 4)
367 4398 510 4467 sicientin
528 4398 545 4451 1.
565 4395 583 4451 1.
602 4411 627 4465 p.
648 4397 688 4452 19.

312 4487 342 4552 5)
368 4485 386 4539 1.
400 4486 417 4539 l.
434 4499 460 4552 p.
478 4483 517 4538 18.
