3408 5276
774 569 817 634 49

232 776 390 861 scriptoris
412 776 562 841 memoria
584 775 674 840 nobis
696 775 819 840 servata
842 776 898 855 est
924 777 978 858 qui
1000 777 1116 842 similia
1131 776 1355 862 conscripserit.

231 881 311 946 uude
341 879 526 946 Aristoteles
561 881 612 945 vel
647 880 809 946 minimam
846 880 1031 961 particulam
1069 881 1206 946 mutuari
1243 883 1357 966 posset.

232 988 332 1067 Aegre
363 1001 601 1066 commovemur,
633 986 669 1047 ut
700 982 869 1062 credamus,
903 983 1069 1066 iniquitate
1096 985 1269 1068 temporum
1292 1003 1359 1049 me·

233 1086 363 1151 moriam
384 1085 457 1149 talis
479 1085 560 1164 libri,
584 1084 757 1168 siquidem
780 1084 940 1163 exstiterit,
975 1105 1099 1171 prorsus
1122 1086 1283 1152 evanuisse
1306 1089 1361 1152 aut

231 1189 331 1272 gloria
351 1188 425 1253 libri
439 1187 619 1253 Aristotelei
640 1190 685 1253 ita
700 1187 853 1253 obliuione
877 1189 1018 1254 obrutam
1042 1209 1118 1268 esse,
1142 1191 1179 1254 ut
1201 1209 1239 1253 ne
1263 1191 1359 1255 vesti·

233 1292 320 1374 giem
342 1291 465 1374 quidem
489 1291 555 1374 ejus
578 1291 617 1356 ad
639 1310 693 1357 nos
715 1292 900 1375 pervenerit.
949 1291 1141 1374 Quicumque
1164 1292 1201 1356 de
1225 1292 1361 1356 Atheni-

233 1395 353 1460 ensium
377 1395 537 1480 republica
555 1397 627 1460 ante
646 1395 847 1460 Aristotelem
869 1397 1035 1479 separatim
1059 1397 1257 1481 scripserunt,
1280 1395 1360 1460 hano

231 1516 297 1562 rem
319 1499 522 1582 perstringere
545 1517 641 1580 neque
665 1499 829 1563 voluerunt
850 1517 948 1581 neque
970 1500 1146 1585 potuerunt.

334 1601 453 1667 Auctor
474 1601 573 1665 libelli
594 1621 639 1685 ps.
666 1602 882 1686 Xenophontei
902 1601 1085 1688 ’Adoptatus
1108 1601 1251 1666 πολιτεία
1264 1603 1291 1685 ¹)
1315 1602 1358 1677 td,

233 1706 316 1787 quod
339 1705 398 1768 sibi
421 1703 590 1788 proposuit,
614 1706 681 1787 ipse
704 1706 804 1789 prima
825 1707 1017 1790 paragrapho
1039 1705 1235 1789 pronuntiet:
1260 1704 1301 1781 ὡς
1323 1705 1360 1768 εὑ
1447 1701 1452 1714 ‘

233 1807 438 1893 διασῴζονται
471 1807 710 1893 chonebertus
733 1812 788 1872 καὶ
810 1809 915 1872 τᾶλλα
942 1809 1182 1892 διαπράττονται
1205 1809 1226 1870 ἃ
1248 1808 1359 1872 δοκοῦ-

235 1933 283 1975 σιν
306 1910 494 1995 ἁμαρτάνειν
524 1919 589 1986 τοῖς
620 1910 728 1986 ἄλλοις
750 1910 902 1996 Ἕλλησι,
937 1911 1021 1974 τοῦτ’
1045 1909 1209 1988 ἀποδείξω.
1265 1909 1360 1975 Cuius

234 2014 383 2098 propositi
405 2016 506 2092 tenax,
529 2033 607 2096 quac
631 2015 778 2097 cuiusque
801 2016 1002 2100 magistratus
1025 2016 1141 2080 fuerint
1162 2014 1275 2093 efficia,
1299 2033 1359 2078 non

235 2119 323 2182 curat
341 2137 447 2200 neque.
472 2119 497 2182 si
514 2118 660 2195 curasset,
685 2117 856 2182 describere
871 2119 1040 2201 potuisset3
1066 2137 1188 2184 summa
1210 2119 1293 2183 enim
1315 2117 1362 2181 ira

236 2241 416 2304 summoque
439 2221 541 2285 studio
565 2220 701 2285 scribens
725 2224 755 2286 et
778 2239 971 2306 summopere
1001 2221 1199 2306 optimatium
1221 2221 1361 2305 pertibus

234 2325 340 2389 favens
371 2343 539 2405 numquam
571 2325 608 2389 de
630 2325 783 2390 institutis
806 2325 996 2409 reipublicae
1024 2325 1149 2402 liberae,
1182 2323 1305 2388 odiosae
1328 2323 1361 2386 et

236 2427 440 2511 contemptae,
458 2427 543 2510 juste
561 2427 743 2511 judicasset.

318 2531 424 2596 'Idem
446 2531 485 2596 ed
507 2532 638 2597 alterum
662 2531 801 2614 quadret,
826 2533 912 2597 cuius
936 2532 1118 2616 opusculum
1134 2531 1269 2615 exceptis
1283 2548 1360 2614 pau·

237 2635 369 2700 cissimis
394 2634 578 2718 fragmentis
589 2635 614 2713 ²)
636 2636 738 2701 totum
760 2635 887 2720 periisse
910 2636 1042 2700 maxime
1058 2635 1208 2712 dolemus,
1233 2631 1362 2698 critiam

237 2737 458 2802 Atheniensem
469 2737 504 2820 ⁸).
541 2738 677 2821 Uterque
700 2738 793 2802 nimis
815 2740 882 2803 eret
904 2739 1083 2824 implicatus
1099 2739 1190 2804 rebus
1204 2737 1362 2802 intestinis

237 2841 474 2906 Atheniensium
490 2843 521 2906 et
536 2841 647 2924 egebat
664 2840 775 2924 judicii
793 2842 933 2906 acumine
952 2842 1060 2923 libero,
1083 2859 1143 2923 quo
1157 2839 1362 2924 philosophus

237 2945 349 3024 noster,
375 2946 428 3027 qui
449 2945 588 3010 neutrius
611 2945 707 3028 partis
730 2947 820 3024 esset,
845 2945 1008 3029 praecipue
1030 2943 1190 3029 praeditus
1213 2943 1227 3006 f
1249 2943 1282 3007 't.

341 3047 401 3113 Sed
423 3067 461 3112 ne
484 3049 512 3112 ei
535 3047 669 3130 quidem,
693 3067 711 3112 a
733 3049 844 3131 quibus
867 3049 986 3133 proprie
1008 3067 1057 3113 res
1081 3047 1193 3112 atticae
1209 3043 1363 3130 expositae

239 3154 321 3233 sunt,
343 3170 418 3234 quos
434 3151 735 3237 Atthidographos⁴l
759 3151 917 3218 nominare
940 3153 1084 3230 solemus,
1107 3151 1184 3216 talia
1207 3148 1362 3230 conscrip-

239 3257 316 3320 sisse
338 3255 533 3338 enspectundi
556 3257 637 3320 sunt.
682 3256 751 3320 ursi
777 3247 989 3339 de'prieribus
1012 3251 1179 3318 Atthidum
1201 3247 1362 3333 scriptori-

238 3361 297 3424 bus
328 3377 389 3424 non
421 3359 520 3424 multe
552 3361 710 3442 comperta
740 3359 909 3435 habemus,
943 3358 1047 3420 tamen
1075 3354 1212 3419 eforma
1234 3369 1362 3436 operum

238 3463 441 3548 posteriorum
457 3463 651 3546 scriptorum,
675 3462 833 3546 inprimis
852 3459 1040 3538 Philochori,
1062 3457 1139 3524 satis
1162 3457 1245 3521 certe
1267 3475 1362 3521 enuc-

239 3567 322 3632 leare
344 3583 518 3652 possumus,
545 3564 696 3647 quomodo
717 3565 834 3649 priores
859 3563 1006 3629 Atthides
1029 3559 1216 3646 compositae
1238 3560 1363 3624 fuerint.

240 3671 321 3734 Tum
351 3669 464 3734 diserte
495 3669 533 3732 de
564 3668 719 3732 communi
752 3669 889 3733 omnium
912 3665 1079 3732 Atthidum
1104 3663 1208 3729 indole
1230 3662 1364 3728 testatur

241 3891 498 3902 m

346 4043 373 4108 1)
400 4043 452 4097 Hic
476 4043 550 4098 liber
576 4042 643 4109 quid
670 4041 724 4096 sibi
750 4040 905 4102 voluisset,
932 4037 1091 4094 rectissime
1116 4036 1147 4091 R.
1175 4035 1269 4092 Sehb'll
1300 4035 1318 4088 l.
1345 4033 1362 4086 l.

241 4145 268 4199 p.
288 4129 389 4184 14-25
407 4130 577 4196 exposuisse
595 4128 665 4182 mihi
682 4127 804 4181 videtur.

343 4214 371 4278 2)
389 4214 454 4282 Frg.
472 4213 571 4267 histor.
590 4226 683 4280 graec.
702 4212 744 4265 ed.
763 4210 791 4264 0.
810 4209 918 4264 Miiller.
955 4208 987 4264 Il.
1019 4225 1044 4278 p.
1063 4209 1104 4262 70.

346 4298 372 4368 3)
390 4300 434 4354 De
460 4299 555 4353 indole
580 4298 666 4352 huius
690 4297 747 4350 viri
764 4296 882 4364 ejusque
899 4295 1036 4350 librorum
1053 4293 1214 4361 postremus
1231 4289 1365 4345 Wllamo·

242 4387 310 4440 witz
328 4386 387 4454 egit
404 4386 422 4438 l.
440 4385 458 4438 l.
476 4383 496 4437 Ι.
514 4399 540 4452 p.
561 4385 610 4438 175
628 4397 692 4439 aun.
711 4383 752 4436 78.

345 4471 574 4540 alleguntur.
593 4483 686 4538 graec.
705 4470 747 4524 ed.
766 4467 794 4522 G.
813 4467 919 4523 Miiller.
950 4465 970 4522 1.
988 4481 1014 4534 p.
1032 4463 1178 4522 ute-417.

1177 4583 1195 4632 4
