3408 5276
791 549 833 614 29

245 753 360 818 Stablii
379 751 532 834 judicium
556 753 746 834 probantem,
782 753 834 834 qui
861 753 1037 818 contextum
1060 751 1293 835 Thucydideum
1316 769 1370 834 pe·

247 856 398 921 detentim
422 857 454 920 in
477 857 595 920 statum
617 855 800 921 deteriorem
833 855 994 937 delapsum
1025 873 1091 920 esse
1114 855 1241 919 statuat.
1289 853 1371 919 Nam

246 961 414 1042 utcumque
436 977 484 1024 res
508 977 540 1022 se
562 958 665 1035 habet,
697 958 906 1040 unusquisque
934 977 1039 1038 eorum
1063 957 1194 1022 libenter
1217 956 1370 1034 concedet,

248 1065 275 1127 si
298 1065 378 1127 inter
399 1062 582 1144 scriptorem
595 1061 707 1126 'rerum
729 1063 886 1145 gestarum
910 1063 976 1125 tam
999 1079 1134 1144 gravem,
1160 1060 1261 1142 qualis
1285 1059 1369 1124 Thu-

248 1165 373 1251 cydides
396 1167 461 1230 sine
484 1165 577 1229 dubio
601 1165 670 1243 tuit,
705 1165 736 1228 ct
758 1165 989 1246 inscriptionem
1015 1164 1109 1247 lapidi
1132 1165 1262 1227 incisam
1284 1163 1372 1228 tanta

250 1269 429 1334 discrimina
450 1267 635 1346 invenimus,
658 1285 736 1349 quae
758 1267 790 1331 et
812 1266 850 1330 ad
873 1267 1029 1332 delectum
1053 1269 1084 1331 et
1099 1266 1138 1330 ad
1154 1266 1292 1330 ordinem
1308 1267 1372 1330 sin-

249 1372 393 1456 gulorum
416 1371 580 1436 verborum
603 1369 766 1452 pertinent
794 1371 958 1436 nosnullo
980 1369 1072 1436 modo
1095 1370 1201 1434 mirari
1223 1387 1323 1450 posse,
1346 1369 1372 1432 si

248 1473 448 1558 philosophus
481 1474 512 1538 et
543 1474 591 1536 lox
621 1491 675 1556 per
708 1476 825 1538 litteras
857 1474 945 1538 nobis
972 1473 1087 1538 tradita
1110 1490 1170 1536 uno
1194 1473 1285 1536 verbo
1308 1471 1372 1536 dis-

249 1579 385 1661 crepant.
423 1579 586 1642 Praeterea
610 1577 750 1658 iniquum
773 1595 840 1642 esse
858 1579 943 1660 puto,
968 1577 1007 1641 ad
1029 1577 1126 1641 talem
1149 1575 1371 1640 dissensionem

249 1681 473 1764 explanandam
496 1699 604 1746 causas
627 1679 750 1745 aliunde
773 1699 921 1762 promere,
955 1681 982 1744 si
1004 1679 1052 1744 his
1075 1697 1135 1742 non
1158 1696 1294 1760 egemus,
1318 1676 1372 1741 scd

249 1785 355 1848 contra
378 1802 421 1862 aa,
446 1801 523 1866 quac
546 1782 634 1847 nobis
656 1781 719 1846 loci
742 1782 802 1864 ipsi
825 1782 965 1861 offerunt,
990 1781 1156 1846 sufiiciunt.

249 2103 274 2192 θ
297 2102 334 2171 3.
379 2103 489 2171 ldem
513 2102 625 2171 valet
648 2102 687 2168 in
710 2101 840 2170 verba
873 2103 976 2186 ὑπὲρ
1008 2111 1082 2186 τῆς
1108 2101 1272 2178 πόλεως
1304 2103 1373 2170 aut

248 2226 355 2308 ὑπὲρ
386 2233 461 2309 τῆς
491 2222 697 2307 πατρίδος
729 2221 836 2311 apud
863 2221 1033 2290 Aristot.
1058 2220 1170 2289 55.2
1203 2221 1372 2290 omissa.

353 2403 443 2468 Tales
459 2403 508 2467 vel
524 2403 650 2479 similes,
675 2402 774 2479 credo,
798 2401 997 2485 cogitationes
1014 2399 1246 2465 Wilamouitzii
1258 2399 1283 2484 ¹)
1306 2401 1373 2464 ani·

251 2525 336 2572 mum
360 2507 593 2572 commovebant
615 2507 646 2570 in
671 2505 907 2570 difficultatibus
930 2504 1040 2586 capitis
1063 2502 1146 2566 552
1169 2503 1373 2580 illustrandis,

251 2610 310 2675 etsi
331 2609 478 2675 hocloco
501 2609 683 2692 argumenta
706 2628 762 2673 sua
785 2609 884 2691 magis
907 2607 1043 2672 occultat
1065 2625 1157 2688 quam
1182 2607 1293 2688 aperit.
1338 2605 1373 2669 ln

251 2712 460 2796 θεσμοθετῶν
484 2712 565 2775 enim
589 2710 794 2794 decaploccb,
827 2713 862 2775 ut
892 2711 951 2774 hoc
978 2711 1053 2774 artis
1076 2727 1202 2792 graecae
1225 2708 1374 2775 vocabulo

250 2817 329 2892 utar,
353 2814 537 2879 Aristotcles
560 2813 704 2878 ultimam
728 2813 937 2895 quaestionem
959 2812 1061 2878 verbis
1085 2815 1140 2887 τὰς
1162 2809 1325 2894 στρατείας
1348 2810 1374 2872 εἰ

251 2915 466 3000 ἐστράτευται,
491 2915 664 2980 Dinarchus
681 2915 708 2978 el
730 2916 785 2991 τὰς
801 2913 965 2998 στρατείας
987 2915 1089 2998 ὑπὲρ
1112 2923 1188 2998 τῆς
1211 2911 1374 2988 πόλεως

251 3017 455 3102 ἐστράτευται
477 3017 583 3084 tradit.
636 3018 715 3083 Poll.
740 3018 891 3109 Villae
914 3019 946 3082 et
966 3017 1022 3082 lex
1047 3017 1135 3082 Cant.
1158 3036 1182 3080 s.
1205 3035 1234 3084 v.
1256 3015 1374 3102 despo-

251 3121 356 3186 decbr
378 3121 550 3206 ἀνάκρισις,
576 3123 626 3204 qui
651 3121 729 3186 alter
752 3122 860 3200 celato,
884 3121 963 3186 alter
985 3121 1142 3187 nominato
1165 3117 1374 3186 auctoreAri-

251 3225 395 3290 stotelem
417 3226 601 3304 exscribunt,
634 3225 739 3290 tamen
762 3225 794 3288 in
816 3225 875 3290 hac
899 3226 1078 3307 quaestione
1101 3227 1201 3306 magis
1224 3243 1294 3289 cum
1317 3223 1374 3286 Di-

251 3328 364 3414 narqho
387 3348 479 3411 quam
502 3348 572 3394 cum
596 3329 762 3394 Aristotele
786 3330 968 3412 congruunt.
1012 3323 1148 3410 Uterque
1171 3328 1254 3392 enim
1277 3327 1374 3407 scrip·

252 3435 302 3496 tor
324 3431 432 3496 eodem
455 3433 522 3498 loco
545 3432 652 3497 eadem
672 3433 765 3498 verba
797 3432 900 3516 ὑπὲρ
933 3441 1008 3516 τῆς
1038 3429 1243 3515 πατρίδος
1277 3429 1373 3494 addit.

252 3533 351 3614 Quam
375 3535 413 3600 ob
435 3555 500 3600 rem
524 3535 767 3619 Wilamowitz³)
798 3535 1029 3620 lexicographos
1052 3535 1254 3600 Aristotelem
1276 3533 1375 3615 pleni-

252 3656 337 3702 orem
359 3637 480 3722 legisse,
505 3658 596 3722 quem
619 3658 673 3704 nos
692 3640 873 3705 mutilatum
889 3640 1073 3722 accepimus,
1096 3637 1279 3720 suspicatur.
1319 3634 1376 3700 Cui

254 3742 423 3807 sentcntiae
454 3761 491 3806 ne
524 3742 713 3824 adstipulcr,
748 3745 928 3826 praesertim
963 3763 999 3808 ea
1029 3762 1062 3808 re
1092 3741 1261 3824 impedior,
1295 3738 1376 3822 quod

253 3844 390 3927 uterque,
423 3864 493 3911 cum
512 3845 623 3912 Pollux
644 3847 712 3912 tum
735 3848 843 3912 auctor
865 3847 964 3925 lexici,
988 3847 1063 3912 satis
1086 3845 1195 3910 multis
1217 3844 1294 3910 locis
1316 3861 1376 3908 non

256 3966 373 4013 merum
395 3948 595 4014 Aristotelem
617 3950 752 4014 reddidit
774 3970 871 4032 neque
893 3951 960 4016 fieri
982 3950 1094 4034 potest,
1127 3950 1164 4013 ut
1194 3966 1314 4030 semper
1344 3949 1376 4010 in

256 4155 513 4166 ...—.—-..--—-

360 4307 386 4372 l)
403 4307 421 4361 l.
439 4308 457 4362 l.
476 4306 496 4360 l.
514 4322 540 4375 p.
559 4309 617 4361 256.
637 4306 778 4362 ann.'149.
797 4322 824 4375 p.
843 4305 902 4360 257.

357 4394 384 4460 2)
403 4391 436 4447 ci.
456 4407 543 4460 supra
560 4407 585 4460 p.
605 4393 657 4460 213.

358 4481 383 4546 3)
401 4479 418 4532 l.
437 4479 454 4532 l.
474 4477 492 4531 l.
519 4493 544 4546 p.
564 4480 622 4532 256.
642 4493 705 4532 ann.
729 4479 784 4532 149.
