3408 5276
899 533 943 598 64
991 566 996 585 r

234 814 236 828 Ι
357 737 535 803 auctoribus
559 753 591 800 sc
614 736 673 800 niti
694 736 761 819 ipse
785 736 960 815 confitetur,
987 738 1092 802 tamen
1108 735 1203 802 verba
1226 735 1265 801 ad
1281 753 1387 801 vocem
1410 734 1486 798 ἀπο-

357 840 487 917 στολεύς
510 837 735 922 explanandam
752 838 892 906 adhibita
907 841 1000 906 nimis
1025 840 1201 906 communia
1223 840 1296 904 sunt
1318 839 1351 903 et
1372 857 1389 904 e
1410 855 1484 904 voce

357 943 551 1018 ἀποστολεὺς
573 943 641 1025 ipsa
663 959 699 1008 er
721 946 808 1022 parte
830 944 929 1027 petita
951 963 1018 1010 esse
1041 943 1187 1010 videntur
1209 944 1264 1022 ite,
1285 947 1324 1008 ut
1346 943 1385 1009 ad
1407 945 1485 1007 tem·

357 1065 430 1130 pora
453 1046 581 1128 antiqua
602 1045 714 1112 reterre
736 1064 851 1112 verear.

459 1149 532 1214 Mor
568 1148 843 1215 animadvertimus
880 1149 1083 1214 Aristotelem
1120 1147 1267 1232 primario
1312 1164 1366 1211 suo
1402 1145 1485 1212 inter

357 1251 456 1316 sontes
487 1249 649 1316 Pollucem
681 1251 748 1316 loeo
778 1252 903 1334 privari.
956 1253 993 1316 In
1026 1251 1138 1333 poletis
1176 1257 1257 1316 enlm
1295 1247 1484 1331 explicandis

356 1353 445 1420 initio
468 1353 669 1420 Aristotelem
693 1355 745 1420 47.
776 1353 968 1438 2sequitur‚
1011 1356 1078 1422 tum
1112 1373 1184 1422 vero
1215 1353 1348 1437 vestigia
1374 1371 1484 1418 evane-

358 1458 457 1534 scunt,
495 1459 527 1524 et
550 1457 588 1521 ad
611 1459 704 1523 finem
727 1458 857 1541 denique
882 1459 992 1524 Pollux
1015 1477 1084 1523 eum
1108 1458 1206 1540 Harp.
1229 1477 1254 1524 s.
1277 1476 1306 1522 v.
1330 1455 1485 1540 μετοίκιον

357 1565 389 1626 et
411 1561 501 1626 Dem.
530 1559 581 1626 25.
609 1561 650 1626 57
664 1562 808 1628 ‘collatus
832 1563 922 1628 docet
943 1562 1061 1626 lexicon
1085 1561 1273 1628 rhetoricum
1296 1579 1314 1626 a
1336 1560 1484 1643 scriptore

359 1665 460 1728 nostro
484 1664 667 1746 usurpatum
691 1683 757 1730 esse
769 1665 804 1748 ¹).

459 1767 597 1851 Euthyni
627 1767 645 1849 ξ
678 1766 740 1830 100
772 1768 923 1850 quomodo
955 1788 991 1834 er
1017 1767 1186 1832 Aristotele
1218 1766 1378 1832 derivandi
1411 1765 1482 1845 siut,

353 1867 419 1948 jam
442 1888 536 1950 supra
547 1868 571 1951 ²)
594 1868 738 1934 vidimus.

459 1971 539 2036 Tum
562 1974 733 2054 sequuntur
754 1971 782 2036 oi
805 1971 1054 2057 semeptisum,
1088 1991 1218 2056 quorum
1250 1971 1352 2038 officie
1374 1989 1483 2036 secuu-

358 2073 431 2138 dum
453 2073 656 2140 Aristotelem
685 2075 780 2140 53.l
812 2079 1004 2154 enarrantur,
1036 2076 1145 2142 alieno
1159 2075 1371 2142 additamento
1402 2071 1483 2160 μίσει

357 2185 418 2238 τοῦ·
435 2176 571 2262 ἀριθμοῦ
595 2187 649 2242 τοῦ
673 2178 841 2262 τριάκοντα
862 2179 956 2244 faoile
979 2180 1095 2264 agnito.

458 2280 640 2366 Eisegogeis
663 2283 681 2365 ξ
705 2282 766 2346 101
790 2282 829 2347 ad
851 2283 983 2348 Aristot.
1008 2282 1060 2348 53.
1083 2281 1103 2346 2
1135 2281 1309 2348 referendos
1333 2300 1399 2347 esse
1416 2279 1483 2363 jam

357 2381 466 2466 diri³).

458 2487 495 2550 In
518 2493 536 2563 ᾗ
561 2486 623 2550 102
645 2488 748 2552 media
769 2488 930 2553 Pollucem
952 2488 1158 2553 Aristotelem
1180 2488 1232 2550 52.
1258 2489 1274 2549 1
1302 2488 1405 2568 ipsum
1428 2483 1483 2550 ad·

356 2588 494 2652 hibuisse
516 2589 585 2652 ideo
607 2588 810 2654 confidentius
834 2590 1054 2669 contenderim,
1079 2590 1152 2672 quia
1167 2589 1305 2654 ordinem
1321 2591 1352 2652 et
1369 2605 1484 2671 genera

357 2691 575 2757 sceleratorum
608 2691 771 2774 (κλέπται,
805 2691 996 2775 λωποδύται,
1023 2690 1281 2777 ἀνδραποδισταί)
1317 2709 1395 2756 unus
1418 2709 1483 2755 sor·

356 2793 450 2858 vavit.
497 2793 599 2859 Ceteri
614 2795 831 2878 lexicographi,
854 2795 914 2860 etsi
928 2796 1106 2862 Aristotelis
1121 2795 1264 2860 habitum
1286 2793 1362 2860 satis
1378 2796 1483 2878 aperte
1546 2777 1553 2798 ⁸

357 2915 429 2976 pree
453 2915 485 2961 se
508 2897 622 2977 ierunt,
656 2899 710 2963 aut
733 2898 833 2964 aliena
865 2897 983 2964 addunt
1015 2899 1090 2980 (lex.
1114 2898 1185 2982 Seg.
1208 2897 1246 2962 V.
1269 2897 1342 2962 250.
1365 2897 1385 2960 4
1408 2897 1482 2980 ἀγο-

358 2999 467 3083 μένους
499 3000 551 3064 ἐπὶ
575 3002 856 3088 κακουργήμασϋ)
891 3005 924 3068 et
954 3011 1057 3088 φονεῖς
1079 3023 1134 3087 pro
1167 3001 1357 3084 λωποδύται,
1389 3001 1483 3066 Phot.

356 3122 381 3165 s.
404 3123 433 3168 v.
456 3101 588 3188 ἡγεμον.
616 3105 782 3192 δικαστηρ.
808 3133 849 3164 =
873 3107 958 3173 Suid.
981 3109 1024 3192 gl.
1050 3109 1066 3171 1
1092 3106 1209 3192 λῃσταί
1239 3123 1294 3188 pro
1328 3103 1479 3185 κλέπται,

356 3205 415 3270 lor.
439 3205 528 3274 Dem.
551 3227 581 3291 p.
608 3208 647 3272 13
670 3209 708 3273 ad
731 3209 749 3293 ξ
772 3209 815 3272 40
837 3209 889 3274 ἐπὶ
912 3209 1159 3296 κακουργήμασι
1181 3209 1344 3294 generibus
1367 3206 1504 3284 nefari-¹

359 3328 445 3374 orum
468 3311 600 3390 omissis,
624 3313 705 3378 unde
728 3313 785 3378 lex.
809 3314 903 3378 Viud.
926 3335 957 3396 p.
980 3314 1033 3379 88.
1059 3314 1099 3378 10
1116 3342 1154 3370 =
1171 3314 1221 3378 ut.
1245 3313 1289 3378 M.
1312 3310 1384 3377 338.
1407 3309 1481 3392 31⁶)

358 3413 411 3476 aut
432 3412 588 3478 breviores
611 3419 683 3480 sunt
705 3416 777 3499 (lex.
800 3415 870 3500 Sag.
887 3417 926 3481 V.
946 3417 1020 3481 310.
1038 3414 1174 3494 14-16,
1199 3415 1289 3480 Phot.
1314 3433 1337 3478 s.
1361 3433 1390 3478 v.
1412 3411 1482 3494 περὶ

460 3775 484 3840 1)
504 3774 537 3827 cf.
557 3773 699 3837 Stojentin
717 3775 734 3826 1.
753 3774 772 3826 1.
790 3788 815 3840 p.
834 3773 876 3826 24.

460 3861 487 3926 2)
506 3873 531 3926 p.
551 3859 592 3912 56.

459 3946 487 4011 3)
505 3960 531 4012 p.
549 3945 591 3998 55.

459 4031 486 4099 4)
505 4029 825 4084 uerter-wilencum
847 4029 890 4083 ed.
908 4029 932 4083 Il
959 4029 1049 4084 verba
1069 4027 1232 4097 κακούργους
1245 4027 1310 4088 τούς
1323 4047 1354 4080 τε
1371 4030 1401 4083 in
1419 4043 1483 4084 oon-

356 4118 470 4172 textum
487 4116 649 4171 Aristotelis
675 4116 763 4184 recipi
789 4115 897 4170 volunt.
935 4114 1017 4182 Quod
1035 4129 1096 4170 rem
1114 4116 1143 4169 et
1160 4116 1251 4170 artem
1269 4116 1483 4183 grammaticam

356 4203 502 4271 postulare
520 4202 629 4267 Kaibel,
655 4201 709 4255 Stil
733 4201 790 4255 und
817 4201 891 4256 dext
919 4216 945 4269 p.
964 4201 1015 4255 223
1044 4201 1196 4256 contendit.
1242 4200 1297 4256 Sed
1321 4202 1346 4256 sl
1363 4201 1482 4256 verbum

357 4287 466 4355 ἀπάγειν
493 4286 701 4354 significatione
719 4287 869 4351 communi,
896 4299 954 4341 non
977 4285 1102 4354 juridica
1118 4299 1298 4354 usurpamus,
1325 4287 1353 4340 et
1370 4287 1437 4341 huie
1454 4284 1483 4338 et

356 4374 399 4428 illi
417 4373 597 4429 satisfactum
615 4373 667 4428 est.

460 4462 487 4528 5)
506 4459 540 4515 cf.
559 4473 645 4528 supra
662 4473 688 4528 p.
710 4461 748 4514 19.
