3396 5278
875 538 918 604 84

336 738 521 826 ἐνπηγνὺων
541 749 721 826 κατηγορῇ.
756 761 787 824 p.
811 741 973 810 XXXVII.
996 740 1027 807 8.
1051 741 1121 826 ἔχει
1143 739 1170 804 δ’
1194 739 1211 804 ὁ
1233 738 1377 826 χαλκοῦς
1406 740 1466 822 (se.

337 841 506 930 ἀμφοριίις)
527 840 674 928 ἐπίθημα
696 843 923 930 διιρρινημὲνον
944 843 1014 920 ὥςτ’
1038 844 1139 928 αὐτὴν
1162 841 1261 930 μόνην
1274 852 1390 931 χωρεῖν
1405 845 1467 932 τὴν

336 945 455 1031 ψῆφον,
477 945 530 1010 ίνα
552 947 596 1031 μή
620 945 675 1010 δύο
697 945 714 1010 t
736 946 831 1023 αὐτὸς
852 945 969 1033 βάλλῃ.
1016 946 1126 1030 Neque
1149 963 1205 1012 nos
1227 947 1382 1014 erraturos
1397 964 1464 1012 esse

336 1048 435 1128 credo,
468 1047 495 1116 si
526 1047 604 1115 talia
625 1048 847 1130 additamenta,
882 1068 960 1134 quae
982 1067 1038 1132 per
1059 1067 1093 1116 se
1114 1067 1187 1115 vera
1209 1050 1281 1116 suut
1303 1049 1359 1115 sed
1382 1048 1464 1132 apud

335 1149 537 1218 Aristotelem
574 1151 807 1232 desiderantur,
848 1153 968 1219 auctori
1003 1153 1080 1220 satis
1115 1152 1242 1236 antiquo
1279 1152 1462 1218 tribuemus.

335 1254 453 1322 Idadem
474 1255 557 1322 euim
578 1255 657 1323 ratio
678 1256 761 1323 iuter
781 1256 859 1322 haec
880 1256 975 1324 verba
996 1256 1056 1322 lex
1072 1255 1144 1339 Seg.
1160 1255 1198 1320 V.
1223 1255 1255 1320 et
1274 1253 1466 1321 Aristotelea

334 1355 512 1437 intormdit
544 1375 624 1441 quae
654 1359 754 1426 exstat
778 1359 861 1426 inter
892 1359 1030 1444 glossam
1060 1355 1331 1424 tendantne.
1363 1355 1466 1436 ξενίας

334 1458 442 1546 γραφή
465 1461 497 1528 et
518 1461 648 1528 Aristot
671 1462 723 1529 59.
746 1461 777 1530 3.
820 1462 1007 1530 Aristoteles
1030 1461 1162 1528 alteram
1184 1477 1310 1528 oausam
1332 1457 1465 1544 δωροξε·

335 1562 400 1640 νίας
421 1564 606 1647 explanarit
630 1564 760 1632 alteram
783 1563 883 1644 ξινίιις
905 1564 985 1632 nude
1009 1564 1209 1632 enumeravit
1255 1561 1356 1644 Quam
1373 1562 1463 1628 lacu·

334 1686 405 1734 nam
428 1667 542 1734 inlex.
567 1668 655 1736 cam
678 1669 932 1752 interpretatione
962 1688 1017 1753 per
1047 1687 1080 1734 se
1110 1667 1275 1753 aptissima
1307 1665 1462 1750 expletam

333 1767 485 1836 ridemus.
530 1768 597 1850 Quo
627 1771 660 1836 In
691 1770 789 1837 lexico
821 1789 892 1836 cum
919 1770 986 1854 jam
1016 1789 1110 1854 supra
1126 1769 1152 1854 ¹)
1183 1769 1316 1852 vestigia
1347 1769 1464 1834 veteris

333 1871 419 1938 illius
440 1871 531 1938 lexIci
551 1872 699 1940 rhetorici
720 1873 935 1954 detraxerimus,
968 1875 1063 1940 etiam
1094 1873 1172 1940 haec
1202 1873 1296 1939 verba
1322 1890 1378 1939 nec
1399 1889 1461 1936 non

333 1993 371 2042 ea
401 1974 461 2042 lex.
493 1973 566 2060 fleg.
596 1975 635 2042 V.
668 1976 777 2044 eodem
807 1977 919 2044 referre
953 1977 1018 2044 veri
1044 1976 1178 2043 similius
1209 1975 1256 2043 lit.
1278 1973 1422 2042 Kaibelio
1434 1973 1463 2056 ²)

335 2080 440 2144 autem
462 2079 653 2144 asseveranti
674 2078 733 2146 lex.
757 2079 846 2148 (lant
877 2099 913 2146 ex
934 2080 1103 2147 Aristotele
1134 2077 1321 2162 interpolato
1352 2095 1464 2144 mana-

333 2180 414 2246 risse
451 2181 494 2263 (si
529 2181 589 2246 viri
625 2180 708 2248 docti
745 2184 838 2250 verba
873 2183 957 2250 recte
987 2183 1136 2263 intellexi,
1164 2181 1343 2266 ‘paullisper
1377 2180 1462 2246 enim

334 2284 478 2368 ambigue
513 2284 638 2352 locutus
669 2286 730 2370 est)
767 2305 828 2354 uon
860 2286 1019 2354 asseutIar.
1073 2286 1157 2352 Nam
1187 2285 1214 2351 si
1244 2283 1321 2352 haec
1351 2283 1397 2350 ita
1428 2301 1462 2347 se

332 2386 491 2466 habereut,
526 2388 635 2454 eodem
663 2389 743 2474 iuro,
777 2389 984 2474 quidcumque
1016 2389 1076 2455 lex.
1098 2388 1187 2456 Cant.
1210 2386 1250 2454 ad
1270 2387 1365 2454 verba
1386 2386 1461 2452 Ari-

333 2490 464 2557 stotelea
486 2489 607 2556 eddidit
629 2490 674 2574 (iu
696 2491 801 2576 glossa
823 2491 917 2578 couplet
939 2489 1100 2578 ἐκκλησία
1122 2491 1216 2558 verba
1238 2491 1295 2554 καὶ
1316 2490 1357 2552 τὰ
1374 2484 1464 2553 ἄλλα

333 2590 526 2676 ἀναγκαίων,
551 2612 576 2658 s.
591 2613 621 2658 ν.
644 2591 790 2677 λογισταί
811 2613 973 2662 numerum
992 2594 1134 2678 judicum
1156 2592 1229 2672 501,
1254 2611 1279 2658 s.
1295 2611 1325 2657 v.
1341 2591 1460 2676 θεσμο-

333 2695 438 2762 θετῶν
461 2694 621 2779 ἀνάκρισις
642 2696 736 2762 verba
756 2697 835 2781 ὑπὲρ
856 2705 915 2782 τῆς
929 2696 1104 2782 πατρίδος),
1127 2697 1159 2762 iu
1174 2694 1254 2761 libro
1269 2692 1463 2760 Aristotelen

333 2798 372 2863 ab
395 2799 520 2864 auctore
542 2799 601 2863 lex.
626 2796 714 2864 (lant.
737 2798 876 2865 adhibito
905 2798 972 2884 jam
1002 2799 1158 2866 exstitisse
1180 2795 1380 2864 statuendum
1402 2797 1460 2862 est.

330 2899 422 2981 Quod
444 2919 515 2968 cnm
537 2919 594 2984 per
624 2919 657 2968 se
687 2902 753 2968 veri
770 2901 922 2968 dissimile
949 2903 1001 2982 sIt‚
1032 2901 1170 2970 codicem
1201 2899 1359 2984 scriptoris
1390 2918 1462 2964 um·

333 3022 426 3086 qnam
463 3004 625 3085 tantopere
661 3004 806 3072 vittatam
844 3023 926 3086 esse,
968 3007 1037 3071 tum
1073 3005 1201 3072 Polluce
1237 3003 1325 3069 VIII.
1360 3001 1413 3067 86.
1430 3001 1460 3084 ³)

334 3105 447 3172 collato
468 3106 630 3174 refutatur.
1156 3135 1158 3142 ·

434 3209 531 3292 Harp.
555 3228 579 3276 s.
603 3229 634 3276 v.
657 3209 762 3295 ἐχῖνος
791 3238 831 3268 =
863 3209 949 3276 Suid.
972 3210 1016 3295 gl.
1039 3209 1154 3296 ἐχῖνος,
1187 3209 1248 3276 etsi
1278 3227 1349 3275 cum
1380 3207 1461 3274 alios

331 3313 400 3378 tum
422 3312 626 3378 Aristotelem
648 3312 769 3395 laudat,
792 3314 927 3387 similem
948 3313 1184 3398 explicationem
1207 3313 1333 3396 sprevit.

655 3520 692 3604 l)
731 3522 760 3585 in
784 3521 891 3604 elcese
915 3521 1131 3588 πινάκιον.

433 3675 574 3759 Longum
605 3675 653 3741 est
685 3693 791 3742 omnes
822 3675 942 3760 glossas
964 3676 1071 3760 plenos
1092 3675 1311 3742 transscribere
1333 3675 1365 3739 et
1387 3693 1458 3740 cum

330 3773 433 3842 uerbis
455 3777 645 3857 Aristotelis,
673 3796 751 3861 quae
775 3777 822 3844 his
844 3779 1038 3862 respondent,
1061 3797 1251 3863 componere,
1275 3778 1458 3862 praesertim

332 3898 394 3957 eas,
425 3879 479 3944 ubi
509 3879 592 3946 idem
623 3879 813 3958 observatur,
845 3879 1039 3963 quodmodo
1063 3880 1100 3947 de
1122 3882 1227 3965 glossa
1248 3880 1353 3968 ἐχῖνος
1374 3879 1457 3945 indi·

332 3975 479 4049 cavimus.
524 3983 672 4066 Perlegas
696 4001 807 4066 quaeso
832 3984 961 4049 Aristot.
985 3984 1037 4051 63.
1058 3987 1079 4048 4
1110 3983 1148 4050 de
1162 3983 1296 4056 tabeIIIs
1316 3983 1457 4070 judicum

334 4173 589 4184 »—.-—---—-

434 4292 463 4444 ἐξ
480 4293 610 4432 ξίὶίωαιιᾱ
628 4379 703 4434 'Iext
720 4394 745 4448 p.
764 4381 823 4434 247.

434 4464 461 4529 3)
481 4463 514 4520 cf.
533 4471 619 4532 supra
636 4480 662 4533 p.
683 4467 722 4520 79.
