3408 5276
865 457 961 573 eo¹

783 596 988 609 *ι’-ὴ

322 718 489 802 Dionysius
512 716 585 782 Hal.
597 714 640 799 ¹)
671 715 763 798 judex
793 715 876 778 certe
907 715 1128 797 gravissimus:
1174 709 1278 786 Ταῖς
1300 730 1450 795 χρονι-

323 829 422 896 καῖς
451 816 781 903 παραπλήσιον,
817 819 862 893 ἃς
886 816 1104 894 ἐξέδωκαν
1137 814 1174 878 οἱ
1208 816 1281 891 τὰς
1303 812 1473 878 ’-Ατ61·

323 924 397 998 δας
427 921 900 1006 πραγματευσάμενοι
937 919 1183 1004 μονοειδεῖς
1216 920 1294 1001 γὰρ
1331 917 1450 982 ἐκεῖ·

324 1025 391 1090 ναί
413 1046 457 1088 τε
480 1027 552 1088 καὶ
575 1027 684 1110 ταχὺ
707 1024 1056 1109 προσιστάμεναι
1079 1033 1169 1099 τοῖς
1199 1021 1448 1086 ἀκούουσιν.

324 1130 362 1194 Id
383 1129 489 1212 igitur,
522 1127 604 1209 quod
626 1127 665 1192 iis
687 1127 775 1192 libris
797 1128 829 1192 in
853 1127 962 1208 primis
985 1125 1140 1208 peculiare
1164 1126 1238 1201 erat,
1272 1123 1351 1188 ratio
1375 1123 1451 1198 erat,

325 1251 387 1315 qua
409 1231 548 1316 singulas
571 1250 620 1296 res
652 1233 756 1313 gestas
789 1230 1026 1313 descripserant,
1057 1229 1136 1294 ratio
1168 1228 1256 1292 libris
1288 1225 1451 1308 annalibus

324 1336 534 1401 Romanorum
565 1333 734 1400 simillima.
795 1333 1035 1417 Unumquidquo
1072 1333 1241 1398 secundum
1276 1331 1449 1412 temporum

325 1439 434 1504 seriem
472 1439 691 1516 enarrabatur,
729 1456 789 1519 quo
826 1437 1027 1502 fundamento
1058 1438 1106 1501 usi
1139 1436 1170 1500 in
1203 1435 1286 1500 certo
1318 1431 1452 1516 quidque

325 1559 405 1606 anno
429 1541 632 1605 collocabant.
681 1537 765 1618 Quae
787 1540 866 1604 ratio
883 1559 898 1604 e
915 1539 1124 1622 compluribus
1143 1537 1325 1620 fragmentis
1340 1535 1451 1600 ctiam-

325 1663 406 1710 nunc
429 1644 539 1720 elucet,
572 1642 611 1707 cf.
637 1641 811 1707 Philochor.
833 1642 892 1726 frg.
919 1641 971 1720 97,
997 1642 1068 1720 132,
1095 1642 1166 1719 135,
1192 1641 1262 1717 144,
1288 1638 1360 1717 146,
1384 1638 1451 1701 An-

325 1747 404 1812 drot.
435 1747 494 1826 frg.
526 1745 578 1823 46,
610 1744 661 1824 47,
694 1745 764 1810 alia.
820 1746 1008 1828 Temporum
1039 1745 1144 1811 ordine
1172 1745 1292 1810 servato
1315 1741 1447 1806 maximo

324 1849 425 1915 varias
457 1847 743 1930 diversissimasque
774 1866 822 1912 res
853 1849 1046 1912 tractabant:
1078 1848 1199 1912 interna
1221 1848 1356 1925 externa,
1386 1844 1451 1926 pri·

325 1953 398 2016 vata
429 1951 563 2034 publica,
595 1969 684 2016 sacra
716 1951 843 2032 profana
865 1951 1017 2016 narrando
1039 1951 1193 2034 persecuti
1216 1951 1297 2014 sunt.
1343 1947 1451 2030 Neque

326 2054 454 2118 dubium
487 2054 543 2132 est,
576 2054 649 2136 quin
681 2055 775 2118 etiam
806 2053 845 2118 ad
874 2055 1076 2136 magistratus
1099 2054 1304 2134 institutaque
1328 2051 1452 2134 publica

326 2155 444 2221 animos
475 2155 673 2234 adverterint,
706 2157 794 2222 cuius
825 2158 871 2222 rei
893 2159 1043 2222 memoria
1066 2158 1142 2222 satis
1165 2157 1274 2222 multis
1296 2155 1373 2221 locis
1396 2174 1451 2236 ap-

324 2259 423 2340 paret,
454 2260 593 2326 velutin
617 2260 749 2325 Olidomi
770 2260 829 2344 frg.
852 2261 883 2339 8,
906 2261 1108 2326 Androtionis
1130 2260 1190 2342 frg.
1212 2259 1242 2338 3,
1274 2257 1452 2322 Philochori

324 2363 382 2445 frg.
406 2363 458 2442 61,
482 2362 534 2444 67,
553 2363 604 2442 68,
625 2363 696 2444 791,
721 2363 772 2443 65,
788 2364 841 2444 91,
865 2363 1027 2442 101,122,
1051 2363 1124 2441 133,
1150 2362 1241 2441 1411,
1266 2361 1353 2438 1411,
1380 2358 1450 2435 142,

326 2465 397 2543 143,
433 2467 526 2530 1551.
586 2468 646 2532 Sed
673 2469 746 2549 quia
776 2470 951 2548 temporum
982 2486 1061 2530 nexu
1093 2467 1219 2530 coerciti
1250 2465 1453 2546 impeditique

325 2569 420 2646 erant,
445 2588 611 2652 numquam
634 2575 732 2633 totam
757 2573 870 2634 seriem
896 2571 1130 2650 magistratuum
1152 2588 1213 2632 uno
1230 2571 1259 2630 in
1276 2571 1451 2647 conspeetu

325 2671 468 2751 proferro
493 2676 678 2753 potuerunt:
702 2671 734 2735 id
757 2672 838 2754 quod
852 2671 1062 2736 Wilamowita
1086 2672 1123 2736 de
1139 2691 1174 2737 eo
1191 2670 1451 2753 Atthidographo,

325 2790 417 2852 quem
448 2772 567 2836 fontem
593 2774 771 2839 Aristotelis
803 2775 979 2856 suspicatur
1009 2775 1118 2851 fuisse,
1150 2775 1298 2858 postulat.
1352 2774 1452 2838 Immo

324 2893 396 2939 vero
415 2875 475 2940 nisi
490 2877 584 2941 variis
607 2877 684 2942 locis
707 2879 738 2942 et
756 2877 843 2943 libris
866 2878 947 2942 inter
966 2897 1033 2944 sese
1049 2878 1236 2944 distantibus
1260 2878 1297 2942 de
1321 2877 1452 2961 singulis

324 2979 557 3059 magistratibus
574 2980 731 3062 disputare
747 3001 806 3046 non
822 2982 998 3063 potuerunt,
1022 2983 1095 3065 quia
1109 2982 1143 3046 hi
1165 3000 1225 3046 non
1242 2981 1350 3046 eodem
1374 2998 1452 3044 anno

325 3080 385 3144 orti
407 3082 489 3159 sunt,
513 3082 567 3146 sed
590 3083 669 3146 alius
693 3083 754 3147 alio
777 3085 916 3166 tempore
939 3085 987 3148 est
1010 3085 1207 3150 constitutus.
1249 3083 1452 3150 Philochorus

325 3181 362 3245 de
382 3182 588 3266 νομοφύλαξιν
611 3183 683 3268 (frg.
709 3185 799 3248 lala
814 3187 839 3270 1)
863 3188 895 3251 et
915 3186 1151 3271 γυναικονόμοις
1173 3188 1245 3272 (frg.
1271 3188 1348 3271 143)
1372 3188 1451 3252 libro

325 3284 396 3365 VII,
428 3287 482 3350 ubi
514 3288 655 3370 tempora
688 3289 840 3354 Demetrii
871 3290 1081 3356 Phaleriensis
1113 3293 1286 3371 enarravit,
1319 3291 1451 3373 scripsit,

326 3391 398 3472 quia
428 3391 461 3454 hi
492 3393 693 3476 magistratus
726 3395 764 3458 ab
796 3395 858 3458 illis
890 3397 1082 3479 temporibus
1109 3397 1260 3479 originem
1283 3413 1370 3460 suam
1394 3394 1451 3458 du·

326 3493 447 3577 cunt¹).
491 3493 650 3558 Nonnulla
672 3495 817 3560 instituta
838 3497 964 3578 publiea
985 3498 1053 3561 tum
1084 3498 1289 3580 explicabant,
1322 3516 1393 3562 cum
1415 3495 1453 3560 de

326 3597 411 3660 certa
433 3597 567 3678 quadam
596 3616 628 3661 re
651 3600 740 3680 gesta
761 3599 854 3664 verba
877 3600 1040 3664 faciebant.
1095 3600 1266 3666 Androtion
1291 3603 1323 3666 ot
1343 3601 1450 3664 Philo·

326 3701 436 3763 cbcrus
460 3700 532 3780 (frg.
557 3699 641 3784 133),
666 3700 740 3783 quid
763 3701 822 3765 sibi
844 3701 939 3764 vellet
960 3701 1161 3787 διαψήφισις,
1196 3704 1450 3785 explanaverunt,

326 3820 397 3865 cum
420 3801 457 3865 de
480 3801 661 3886 διαψηφίσει
684 3803 757 3866 anni
779 3802 843 3865 346
868 3803 1005 3886 egerunt,
1029 3803 1187 3870 Clidemus
1217 3807 1290 3889 (frg.
1313 3806 1349 3890 8)
1374 3825 1451 3871 nau·

431 4171 458 4231 1)
477 4171 594 4226 Roman.
613 4144 742 4239 antiquit.
762 4173 780 4226 l.
799 4174 823 4227 8.

427 4257 454 4320 2)
473 4257 506 4310 cf.
525 4258 595 4323 Aug.
614 4257 721 4322 Bdckh,
748 4261 819 4313 iiber
845 4261 900 4314 den
918 4260 988 4314 Plan
1016 4262 1066 4316 der
1082 4261 1178 4316 Atthis
1198 4263 1247 4317 des
1265 4263 1451 4318 Philochoros

326 4341 373 4394 in:
390 4341 617 4412 Abhandlungen
635 4345 685 4398 der
702 4345 765 4412 Kgl.
783 4359 892 4413 preuss.
911 4347 995 4401 Acad.
1016 4348 1040 4401 d.
1058 4348 1145 4402 Wiss.
1164 4363 1200 4402 au
1218 4348 1314 4402 Berlin
1335 4349 1401 4402 1632
1419 4369 1453 4393 =

327 4426 519 4482 Gesammelte
536 4429 632 4483 kleine
649 4429 791 4485 Schriften
808 4431 858 4486 Bd.
877 4432 909 4486 V.
928 4447 954 4500 p.
974 4433 1032 4487 397.
1068 4431 1189 4502 strange
1207 4434 1224 4487 l.
1243 4435 1260 4488 l.
1285 4449 1309 4502 p.
1330 4434 1374 4502 16)
1380 4435 1416 4488 li.
