3396 5278
739 497 801 563 143

204 703 308 768 verbis
330 703 436 785 paullo
459 705 529 787 post
551 705 729 770 annotavit:
754 705 874 768 οὗτοι
897 705 970 788 μὲν
1001 707 1072 768 οῦν
1093 741 1136 752 -·-
1159 723 1201 768 sc.
1225 704 1253 768 οἱ
1276 705 1333 780 είς-

205 816 342 890 οιγωγεῖς
366 845 407 856 -·—
430 807 590 883 ταύτας
616 807 796 886 δικάζουσιν
819 807 977 895 ἐμμήνους
1000 807 1184 889 είςάγοντες.
1232 806 1331 887 Quam

205 910 244 974 oh
267 929 332 973 rem
355 927 413 973 non
438 911 595 993 intellego,
620 929 675 974 cnr
689 910 793 976 Keilio
816 910 887 974 inde
910 909 977 974 lons
1002 927 1081 972 anno
1101 907 1164 972 342
1180 910 1334 990 antiquior

206 1012 437 1079 concludendus
459 1015 561 1079 fuerit.
606 1012 790 1078 Aristoteles
814 1014 895 1077 sicut
917 1031 989 1077 cum
1013 1010 1129 1098 [Bam]
1152 1011 1236 1074 33.l
1261 1031 1333 1077 con-

206 1116 298 1196 gruit,
331 1115 384 1196 qui
416 1115 483 1196 lege
516 1117 601 1180 nisus
625 1123 690 1190 τοῖς
711 1114 855 1199 ἐμπόροις
875 1115 954 1178 είναι
977 1116 1033 1189 τὰς
1056 1113 1145 1190 δίκας
1167 1117 1242 1197 πρὸς
1264 1116 1334 1189 τοὺς

206 1217 411 1301 θεσμοθέτας
434 1205 603 1295 contendit,
635 1219 681 1282 ita
702 1217 825 1302 [Dem]
849 1218 879 1281 t.
905 1216 956 1295 12,
988 1217 1038 1299 qui
1064 1218 1119 1282 has
1143 1219 1228 1280 κατὰ
1250 1227 1335 1302 μήνα

208 1322 356 1403 nominat,
380 1322 491 1386 saltem
517 1340 574 1386 non
599 1323 754 1386 contraria
777 1321 876 1386 docet.
915 1319 1004 1400 Quod
1027 1324 1129 1385 autem
1153 1321 1186 1384 in
1210 1339 1277 1402 cap.
1293 1321 1335 1384 59

209 1441 267 1486 non
291 1425 423 1505 legimus
447 1424 618 1508 ἐμπορικὰς
641 1421 730 1498 δίκας
753 1423 909 1508 ἐμμήνους
932 1423 1036 1500 fuisse,
1070 1423 1251 1506 philosopho
1269 1423 1333 1506 jam

207 1525 287 1590 hanc
311 1527 349 1591 ob
372 1547 437 1591 rem
459 1545 519 1591 non
543 1527 706 1608 opprobrio
729 1527 802 1590 dare
825 1546 999 1608 possumus,
1034 1527 1107 1608 quia
1129 1527 1240 1591 similis
1263 1545 1335 1609 pec-

207 1631 269 1694 cati
292 1631 413 1694 veniam
437 1631 559 1712 saepius
583 1649 601 1693 a
624 1630 712 1695 nobis
735 1631 923 1712 impetravit.
979 1631 1087 1712 Itaque
1120 1631 1183 1693 veri
1210 1630 1335 1694 similli-

208 1751 294 1796 mum
318 1734 424 1810 restat,
448 1733 530 1814 quod
552 1734 645 1796 antea
668 1733 863 1816 conjecerunt
879 1732 1336 1814 [Meier-Schdmann·hipsius‚

209 1837 276 1899 Att.
293 1835 381 1899 Proc.
398 1855 427 1917 p.
444 1835 499 1918 97)
523 1837 554 1900 et
576 1835 649 1900 Keil
672 1836 786 1900 frustra
807 1836 1012 1919 impugnavit,
1037 1835 1125 1912 δίκας
1148 1833 1333 1920 ἐμπορικὰς,

208 1939 395 2020 simulatque
412 1939 449 2002 ad
466 1938 691 2003 thesmothetas
708 1939 827 2003 delatae
842 1941 954 2016 essent,
972 1939 1127 2023 ἐμμήνους
1143 1939 1240 2004 factas
1257 1959 1333 2005 esse.

312 2042 355 2108 ld
380 2061 412 2124 p.
439 2045 473 2106 10
496 2062 545 2124 eq.
599 2043 632 2107 Si
663 2041 776 2105 librum
810 2043 844 2107 R.
869 2041 1103 2106 Reitzensteinii
1136 2041 1336 2122 (Gesehiehte

209 2145 263 2208 der
284 2145 494 2228 griechischen
515 2145 740 2228 Etymologica
764 2144 891 2226 Leipzig
909 2145 1006 2226 1897)
1031 2146 1154 2226 plenum
1179 2146 1334 2210 doctrinae

209 2250 241 2311 et
264 2248 414 2312 acuminis
438 2247 542 2330 paullo
565 2249 635 2312 ante
659 2249 815 2330 perlegere
838 2248 915 2312 mihi
938 2247 1087 2326 licuisset,
1111 2249 1210 2313 multa
1229 2249 1260 2312 in
1276 2249 1335 2314 hac

211 2352 402 2432 paragrapho
426 2351 516 2415 aliter
543 2351 759 2432 disputassem.
815 2351 914 2428 Nunc,
948 2370 1017 2416 cum
1049 2353 1259 2435 typographus
1281 2373 1334 2416 ur-

210 2455 314 2535 gueat,
337 2473 375 2518 ne
398 2454 430 2517 in
452 2455 601 2520 addendis
625 2455 749 2536 quidem
773 2456 919 2519 annotare
942 2474 1077 2537 possum,
1101 2459 1252 2538 quantum
1264 2458 1334 2521 novi

211 2555 281 2620 inde
313 2555 523 2621 addidicen'm.
578 2555 637 2622 Sed
670 2577 791 2623 summa
814 2559 983 2623 sententiae
1005 2577 1091 2622 meae
1114 2578 1174 2622 non
1198 2559 1336 2642 tangitur

211 2679 307 2742 neque
339 2660 446 2724 desino
478 2662 669 2740 contendere,
701 2663 857 2726 loeoshlt.
882 2663 925 2726 Μ.
949 2664 1059 2728 adres
1083 2663 1223 2745 publicas
1251 2665 1335 2746 judi-

209 2762 365 2843 cialesque
381 2763 620 2828 Atheniensium
642 2766 831 2846 pertinentes
854 2765 976 2828 minimi
999 2783 1066 2829 esse
1089 2768 1237 2832 momenti
1252 2786 1336 2830 com·

212 2867 327 2947 paratis
351 2867 420 2929 aliis
444 2868 476 2930 et
497 2867 603 2932 lexicis
626 2871 657 2932 et
680 2869 814 2932 scholiis.

314 2968 362 3030 Αι1
388 2988 415 3048 p.
441 2969 492 3032 36.
538 2969 572 3031 ln
596 2970 699 3051 glossa
722 2971 984 3050 Harpocrationea
1006 2992 1030 3035 s
1055 2991 1082 3035 ν.
1107 2971 1225 3034 εὐθύνα
1248 2991 1266 3036 a
1288 2991 1336 3036 me

209 3070 363 3150 exscripta
385 3069 543 3134 intercidit
565 3072 668 3137 littera
690 3094 711 3156 γ
735 3073 823 3137 initio
847 3075 930 3138 vocis
952 3074 1090 3158 γνήσιος.

318 3173 365 3235 Ad
390 3194 420 3254 p.
443 3178 490 3237 43
514 3195 582 3239 ann.
608 3179 627 3240 Ι.
675 3177 747 3240 Voci
771 3186 860 3260 κοινή
888 3177 955 3260 jota
987 3177 1177 3259 adscriptum
1208 3177 1337 3241 redden·

212 3273 287 3337 dum
311 3277 368 3339 est.
1326 3273 1329 3278 ’

314 3380 360 3443 ed
386 3399 413 3461 p.
438 3381 491 3445 52.
537 3380 621 3458 Quae
645 3383 750 3446 Victor
773 3381 862 3445 Hahn
882 3382 913 3445 in
933 3383 1161 3446 commentariis
1183 3384 1339 3448 societatis

211 3483 388 3563 philologae
411 3483 628 3565 Leopolitanae
661 3485 776 3548 ahud.
801 3483 980 3548 Cwikliirslri
1012 3485 1112 3562 editis,
1146 3487 1199 3566 qui
1230 3486 1339 3549 inscri-

213 3585 328 3648 buntur
353 3587 453 3658 „llos“
478 3587 554 3670 (vol.
578 3588 634 3650 lll.
660 3590 733 3651 lese.
761 3589 788 3653 1.
811 3607 840 3668 p.
868 3588 928 3649 114
951 3593 1022 3669 ομ),
1057 3589 1163 3651 contra
1186 3588 1339 3652 Wilamo-

218 3689 352 3752 witzium
375 3691 555 3772 disputavit,
580 3691 657 3754 mihi
677 3691 734 3753 hoo
757 3690 880 3752 demum
905 3709 983 3753 anno
1006 3710 1022 3754 e
1045 3709 1173 3754 censura
1196 3691 1228 3753 Z.
1246 3692 1340 3753 Dem-

219 3786 339 3852 hitzerii
360 3780 592 3863 (Wochensehr.
617 3793 637 3858 f.
661 3793 755 3856 klass.
772 3792 852 3856 Phil.
872 3793 964 3856 1897.
982 3812 1012 3874 p.
1032 3792 1107 3870 181)
1130 3794 1340 3870 innotuerunt,

215 3907 286 3952 cum
311 3890 582 3960 dissertatiuncula
604 3917 674 3962 mea
691 3896 757 3978 jam
782 3897 887 3978 pr'aelo
910 3896 982 3960 data
1005 3897 1094 3960 esset.
1133 3895 1289 3975 Quantum
1306 3916 1341 3961 ex

216 3992 409 4056 enarratione
433 4000 607 4076 argumenti
630 4019 648 4061 a
672 3999 880 4064 Demhitzerio
904 3999 1044 4063 confecta
1063 3999 1205 4082 intellegi
1228 4000 1340 4081 potest,

218 4095 308 4159 Hahn
342 4098 561 4178 gravissimum
594 4092 817 4167 adminiculum
850 4102 1019 4166 sententiae
1043 4101 1341 4166 Wilamowitaianae

214 4201 247 4263 iu
270 4201 373 4265 verbis
397 4201 477 4266 Poll.
502 4202 586 4266 VlIl.
610 4204 738 4267 85-92
768 4225 839 4270 eum
862 4206 991 4269 Aristot.
1015 4224 1081 4288 cap.
1106 4205 1231 4267 55-61
1257 4223 1341 4270 com·

216 4305 332 4382 peratis
356 4305 491 4384 positum
513 4323 573 4369 non
597 4305 802 4372 labefactasse
824 4307 957 4373 videtur.
996 4309 1154 4372 Pollucem
1171 4307 1209 4371 ad
1225 4310 1342 4372 ceteros

214 4405 311 4470 libros
344 4408 577 4473 conscribendos
610 4410 731 4491 praeter
761 4411 876 4474 usitata
908 4411 1086 4495 posterioris
1104 4412 1221 4496 ‘aetatis
1244 4411 1343 4476 lexica
