3408 5276
897 504 938 568 10

353 707 542 773 Aristotelea
572 708 752 790 intellegere
784 727 959 789 possumus,
994 708 1075 790 quod
1101 709 1318 791 gravissimum
1341 709 1480 778 nostrum

353 811 491 876 oifioium
514 829 581 876 esse
605 811 705 876 debet.

456 915 546 980 Nunc
569 915 657 980 illurn
682 915 784 980 locum
817 915 1072 997 contemplemur,
1104 933 1195 998 quem
1226 915 1266 979 ad
1297 915 1414 980 fontem
1444 935 1482 979 ex

352 1018 520 1086 Aristotele
545 1037 603 1082 non
627 1017 811 1099 pendentem
832 1017 1043 1083 Wilamowitn
1066 1019 1170 1095 retent,
1201 1017 1282 1084 unde
1303 1019 1336 1082 et
1356 1018 1479 1082 Aristo·

351 1123 444 1186 telem
477 1123 508 1186 et
536 1121 585 1186 st.
610 1122 652 1186 M.
686 1139 742 1186 sua
773 1140 925 1203 quemque
956 1121 1095 1188 hausisse
1128 1121 1189 1186 sibi
1220 1121 1391 1204 persuasit:
1428 1121 1477 1186 llt.

354 1225 457 1306 Magn.
489 1224 627 1290 369.15.
675 1223 769 1290 Cuius
803 1225 921 1289 iontem
953 1227 1125 1308 proximum
1149 1225 1268 1292 lexicon
1298 1224 1378 1290 illud
1410 1224 1479 1288 rbe-

351 1327 483 1391 toricurn
506 1328 609 1404 fuisse,
642 1328 723 1409 quod
746 1329 924 1392 mutilatum
948 1329 1184 1412 excerptumque
1208 1329 1239 1393 in
1272 1327 1339 1394 cod.
1362 1327 1480 1410 Sague·

351 1431 436 1494 riano
453 1431 586 1496 exstaret
601 1432 632 1494 et
647 1430 685 1494 ab
702 1432 792 1496 Imm.
808 1431 947 1496 Beklrero
958 1432 989 1496 iu
1006 1431 1164 1496 anecdotis
1179 1431 1297 1514 graecis
1313 1430 1337 1494 Ι.
1358 1429 1418 1492 195
1434 1447 1478 1510 sq.

351 1535 469 1600 editum
493 1537 584 1610 esset,
617 1541 781 1600 asseverat.
836 1533 935 1613 Quam
966 1535 1153 1600 sententiam
1176 1554 1274 1617 neque
1296 1535 1482 1617 impugnare

352 1655 449 1718 neque
474 1637 601 1718 probare
624 1637 733 1716 audeo,
757 1655 855 1717 neque
879 1655 1064 1718 quemquam
1088 1637 1177 1702 credo
1200 1657 1218 1700 a
1240 1657 1289 1700 me
1305 1636 1479 1718 postulatu-

350 1759 418 1804 rum
443 1758 518 1817 esse,
543 1740 578 1802 ut
601 1739 640 1804 ad
662 1739 741 1803 hano
765 1739 975 1821 quaestionem
999 1739 1226 1806 dissolvendam
1249 1741 1349 1804 totum
1369 1757 1481 1820 corpus

351 1843 601 1926 lltymologioum
634 1843 814 1924 disquiram,
852 1843 950 1908 tontes
983 1844 1137 1924 proximos
1164 1846 1196 1909 et
1218 1845 1352 1908 remotos
1374 1843 1482 1927 sejun-

351 1966 442 2029 gam,
473 1965 564 2010 suum
595 1945 705 2028 cuique
739 1946 876 2012 reddum.
933 1946 989 2012 Oui
1023 1947 1127 2013 studio
1162 1948 1325 2028 pertricato
1348 1967 1397 2012 me
1420 1964 1478 2010 non

352 2069 457 2132 parem
480 2068 546 2114 esse
569 2049 705 2114 sincerus
729 2050 875 2116 confiteor
897 2053 936 2128 et,
971 2053 1157 2134 quicumque
1180 2052 1211 2116 in
1235 2052 1285 2116 his
1307 2053 1398 2116 robus
1424 2049 1482 2114 de·-

351 2152 482 2231 sudavit‚
515 2172 575 2217 non
598 2154 730 2238 ignorat,
763 2173 873 2236 parum
905 2154 1005 2228 adbuc
1028 2157 1105 2222 certi
1127 2156 1323 2221 enucleatum
1346 2174 1412 2220 esse
1435 2154 1480 2218 ri·

351 2277 459 2340 rosque
483 2257 587 2324 doctos
611 2261 642 2324 et
663 2260 774 2324 barum
795 2279 898 2326 rerum
920 2261 1126 2342 peritissimos
1146 2260 1305 2337 fluctuare,
1329 2260 1479 2344 quantum

351 2362 472 2440 Photio,
497 2363 647 2445 quantum
663 2364 865 2448 Diogenianq
889 2366 1039 2446 quantum
1062 2366 1167 2430 lexicis
1185 2365 1356 2439 rhetoricis,
1380 2382 1478 2444 quen-

350 2468 416 2530 tum
443 2465 513 2530 aliis
536 2467 685 2532 tribuant.
740 2467 841 2546 Quam
873 2468 1100 2532 dubitationem
1123 2467 1370 2543 Wentzelium¹l
1393 2465 1478 2530 volu·

352 2568 462 2632 minel
486 2569 621 2650 corporis
644 2569 931 2652 lexicograpborum
956 2588 1135 2651 graecorum
1154 2568 1272 2634 edendo
1289 2587 1357 2632 mor
1372 2566 1477 2630 subla-

351 2673 456 2732 turum
480 2687 546 2734 esse
570 2689 692 2751 sperare
716 2671 801 2734 licet.
847 2670 907 2734 Sed
939 2672 1120 2753 priusquam
1146 2670 1239 2736 fidem
1262 2667 1425 2734 exsolverit
1447 2668 1482 2732 et

351 2772 470 2854 copiam
503 2773 677 2854 glossarum
710 2773 892 2855 dispositam
924 2775 1107 2857 singulaque
1138 2774 1170 2838 in
1192 2793 1306 2857 genera
1328 2771 1477 2836 distribu-

351 2879 416 2940 tam
448 2875 622 2957 protulerit,
654 2877 884 2942 commentariis
917 2879 981 2942 suis
1008 2878 1107 2959 plenis
1130 2875 1244 2942 additis
1268 2875 1476 2957 argumentis-

351 2997 409 3060 que
448 2979 613 3046 luculentis
647 2980 793 3063 adjectis,
838 2981 960 3063 legibus
985 2982 1073 3046 setis
1111 2980 1207 3046 firmis
1244 2981 1291 3044 et*
1314 2979 1482 3044 stabilibus-

351 3082 521 3164 egebimus.

453 3186 616 3252 Praeterea
638 3186 878 3254 tundamentum
901 3190 1013 3270 ipsum,
1046 3209 1106 3270 quo
1132 3189 1310 3271 quispiam
1333 3205 1482 3270 prospero

350 3291 462 3354 euentu
484 3290 566 3355 bunc
588 3291 703 3356 librum
725 3291 756 3358 in
780 3311 871 3356 usum
895 3311 985 3356 suum
1009 3293 1176 3370 convertat,
1200 3292 1334 3360 maxime
1349 3290 1478 3356 dubium

351 3395 407 3459 est.
439 3394 607 3458 Nemeum
623 3395 797 3477 glossarum
810 3397 1000 3477 thesaurum,
1017 3416 1107 3480 quem
1124 3395 1375 3480 Etymologioum
1388 3393 1477 3473 Mag·

350 3515 423 3560 nunr
440 3497 598 3562 nominare
614 3506 815 3576 assuevimus,
842 3500 880 3564 ab
897 3500 1012 3566 editore
1029 3501 1167 3581 principe
1182 3498 1336 3579 Calliergo
1352 3515 1369 3564 e
1385 3495 1481 3560 variis-

350 3599 455 3664 lsxicis
467 3603 685 3684 manuscriptis
699 3621 754 3668 suo
774 3604 900 3668 arbitrio
914 3604 1122 3684 conscriptum
1136 3621 1213 3680 esse,
1230 3601 1439 3666 Reitzenstein
1451 3599 1477 3681 ²)

350 3705 493 3769 omnibus
516 3705 590 3770 viris
615 3706 722 3784 doctis,
748 3708 896 3787 quantum
920 3706 993 3783 scio,
1018 3705 1179 3786 persuasit.
1215 3701 1304 3782 Quod
1320 3703 1423 3767 utrum
1441 3721 1479 3766 ex

350 3807 483 3890 lltymol.
509 3806 657 3885 (lanuino,
691 3808 772 3890 quod
796 3807 919 3886 dicitur,
950 3809 980 3872 et
1012 3806 1150 3889 Etymol.
1174 3805 1316 3871 Gudiano
1349 3805 1475 3886 conglu-

350 3910 495 3987 tinatum,
519 3929 558 3974 an
577 3929 613 3974 ex
628 3930 689 3976 uno
705 3911 756 3976 Et.
773 3909 854 3978 Gud.
871 3910 1090 3976 additamentis
1113 3910 1262 3992 appositis
1286 3908 1477 3974 contractum

351 4013 401 4091 sit,
434 4013 534 4078 adbuc
567 4013 623 4078 sub
651 4013 808 4106 judicibus
840 4015 949 4078 barum
980 4033 1084 4078 rerrrm
1114 4013 1311 4095 peritissimis
1334 4012 1480 4078 Reitzen-

350 4221 608 4230 -—-—-·-————

457 4357 484 4424 l)
502 4355 694 4423 sitzungsoer.
715 4357 765 4412 der
780 4355 854 4410 Berl.
873 4357 956 4412 Acad.
979 4357 1045 4411 1895
1062 4371 1088 4424 p.
1107 4356 1167 4412 487.

454 4461 482 4525 2)
501 4459 639 4528 Philolog.
662 4461 705 4515 48.
724 4476 749 4528 p.
768 4461 828 4514 450.
