3396 5278
591 1371 843 1472 Addenda
878 1399 913 1470 ec
949 1370 1263 1497 corrigenda.

469 1748 612 1813 Leniorcs
650 1747 835 1830 typographi
869 1765 995 1824 errores,
1033 1745 1086 1828 qui
1122 1745 1162 1810 ad
1198 1745 1492 1826 interpunctionem,

363 1854 538 1930 accentum,
572 1851 791 1933 aspirationem
821 1849 1020 1931 potissimum
1051 1851 1202 1930 spectant,
1233 1867 1304 1912 oum
1335 1868 1353 1912 a
1384 1849 1493 1931 quouis

366 1957 458 2022 facile
482 1956 594 2038 corrigi
616 1955 746 2035 possint,
778 1972 837 2018 non
860 1953 983 2036 collegi.
1029 1953 1135 2036 Ipsum
1157 1972 1207 2017 me
1229 1953 1261 2017 in
1284 1952 1414 2036 virgulis
1437 1952 1493 2016 ad-

369 2059 476 2124 dendis
508 2061 539 2122 et
570 2055 748 2124 omittendis
774 2074 835 2120 non
859 2057 974 2120 certam
997 2074 1118 2137 semper
1138 2055 1241 2138 legem
1264 2056 1403 2120 secutum
1426 2073 1494 2119 esse

366 2183 425 2227 non
456 2162 573 2244 ignoro.
626 2159 721 2224 Plura
743 2158 981 2241 interpungendi
1004 2159 1103 2242 signa,
1136 2177 1229 2240 quam
1260 2177 1383 2222 necesse
1416 2160 1492 2236 erat,

363 2265 474 2348 adjeci,
500 2283 559 2346 quo
582 2263 738 2330 sententia
760 2261 924 2326 dilucidior
946 2263 1099 2326 evaderet.
1138 2261 1223 2340 Quae
1239 2262 1329 2344 signa
1345 2262 1371 2326 si
1387 2279 1494 2344 super·

363 2387 500 2433 uacanea
531 2368 655 2444 fuerint,
681 2366 771 2430 facile
796 2366 829 2430 in
850 2364 981 2447 legendo
1004 2365 1130 2444 delebis,
1163 2365 1189 2428 si
1221 2366 1427 2450 cognitionem
1449 2365 1492 2428 rei

368 2473 537 2537 faciliorem
560 2470 763 2547 reddiderint,
785 2469 864 2532 mihi
885 2487 946 2533 non
970 2469 1174 2534 succensebis.

472 2575 520 2640 nd
545 2594 615 2656 cap.
641 2577 659 2636 Ι.
714 2573 762 2636 Ne
785 2571 859 2654 quid
881 2573 1125 2654 praetermisisse
1147 2572 1254 2637 videar
1276 2591 1312 2636 ox
1333 2573 1378 2637 eis
1401 2590 1495 2654 argu-

364 2678 491 2753 mentis,
525 2695 603 2758 quae
626 2675 680 2739 alii
702 2675 763 2738 riri
785 2675 868 2738 docti
891 2675 1012 2758 praeter
1034 2675 1310 2740 Wilamowitnium
1333 2693 1494 2757 congesse-

368 2783 451 2862 runt,
474 2781 510 2844 ut
526 2779 670 2843 docerent
686 2777 848 2842 Aristoteli
863 2777 978 2842 librum
994 2778 1147 2861 quendam
1162 2778 1276 2843 litteris
1294 2777 1359 2862 jam
1376 2777 1494 2842 editum

366 2887 490 2967 praesto
522 2883 629 2960 luisse,
660 2881 738 2946 mihi
769 2882 822 2946 Br.
853 2881 994 2946 Keilium
1026 2882 1089 2964 (die
1121 2881 1217 2946 solon.
1244 2881 1433 2964 Verfassung
1462 2881 1495 2944 in

366 2987 465 3052 Arist.
482 2985 794 3068 Verfassungsgesch.
811 2984 930 3048 Athens
954 3005 984 3067 p.
1007 2984 1070 3048 231
1095 3003 1165 3048 eum
1188 3004 1258 3049 ann.
1284 2987 1314 3068 1)
1338 3004 1397 3049 non
1421 3004 1495 3066 neg-

369 3089 532 3170 legendum
562 3107 628 3153 esse
654 3089 755 3152 credo.
794 3087 988 3170 Quamquam
1011 3089 1077 3152 eius
1101 3090 1399 3172 argumentationem
1425 3106 1495 3171 pro-

370 3195 440 3257 bare
463 3211 521 3257 non
546 3211 681 3273 possum,
714 3210 791 3274 quae
823 3191 872 3254 his
903 3192 966 3257 fere
990 3193 1166 3258 continetur
1187 3194 1287 3258 robus.
1343 3191 1428 3258 Saea.
1451 3192 1495 3256 IV

365 3297 494 3360 ineunte
526 3295 606 3360 teste
638 3295 708 3378 Lys.
743 3295 793 3359 17.
817 3295 845 3374 5,
870 3295 891 3357 8
922 3294 1006 3358 δίκαι
1037 3295 1204 3380 {proporat
1234 3316 1333 3380 neque
1364 3296 1496 3382 ἔμμηνοι

366 3401 501 3478 fuerunt,
533 3417 631 3481 neque
662 3398 880 3462 thermothetis
912 3398 1127 3482 dijudicandae
1159 3400 1295 3466 traditae
1328 3402 1409 3479 sunt,
1442 3400 1496 3465 sed

370 3502 553 3566 nautodiois.
608 3501 691 3566 Saec.
725 3501 769 3564 IV
800 3500 902 3564 medio
935 3503 1014 3567 teste
1047 3501 1164 3590 [Demi
1197 3503 1227 3568 7.
1252 3505 1292 3566 12
1323 3503 1381 3568 hae
1411 3503 1497 3585 ipsae

367 3624 481 3670 causae
512 3606 548 3669 ut
577 3605 659 3668 intra
696 3622 833 3668 mensem
867 3605 1039 3669 vertentem
1074 3605 1333 3689 dijudicarentur,
1372 3623 1497 3670 neeesse

367 3711 445 3774 erat.
491 3709 621 3772 Aristot.
644 3707 694 3770 52.
720 3705 748 3784 2,
773 3707 827 3771 ubi
849 3708 927 3771 alias
950 3707 1039 3783 δίκας
1063 3707 1218 3794 ἐμμήνους
1240 3710 1409 3788 enumerat,
1441 3710 1496 3773 has

372 3813 493 3876 silentio
517 3812 676 3893 praeteriit
698 3813 728 3876 et
751 3812 802 3874 59.
827 3811 846 3872 5
877 3811 1157 3876 thesmothetarum
1185 3813 1395 3896 jurisdictioni
1427 3831 1497 3877 curn

368 3915 450 3978 alias
473 3915 541 3977 tum
563 3917 619 3978 iras
644 3913 796 3978 attribuit.
836 3913 919 3996 Ergo
935 3913 1008 3977 Keil
1031 3914 1090 3978 sibi
1112 3921 1194 3980 reete
1216 3916 1287 3980 inde
1312 3917 1497 3982 conclusisse

371 4016 502 4092 ridetur,
535 4015 736 4079 Aristotelem
768 4016 852 4078 fonte
884 4018 954 4079 ante
985 4015 1048 4078 342
1072 4016 1164 4096 edito,
1196 4038 1256 4102 quo
1288 4039 1367 4084 anno
1400 4021 1497 4085 oratio

373 4141 419 4203 ps.
442 4119 680 4184 Demosthenica
702 4118 810 4182 habita
832 4119 921 4198 esset,
945 4139 1036 4184 usum
1059 4139 1135 4187 esse.
1180 4123 1296 4188 Verum
1319 4125 1400 4188 enim
1424 4142 1497 4188 voro

372 4225 439 4288 loco
470 4225 570 4306 priore
602 4222 668 4305 (52.
691 4223 724 4306 2)
756 4240 816 4286 non
849 4242 960 4287 omnes
992 4223 1081 4300 δίκας
1112 4225 1268 4311 ἐμμήνους
1303 4221 1510 4300 enumeratas*

369 4347 451 4406 esse,
474 4327 527 4392 sed
550 4346 601 4392 eas
623 4327 754 4406 tantum,
785 4345 863 4408 quae
886 4327 924 4390 ad
942 4327 1188 4410 jurisdictionem
1212 4330 1406 4415 εἰςαγωγέων
1428 4350 1498 4413 per·

368 4432 518 4510 tinerent
550 4431 733 4496 Aristoteles
764 4429 830 4512 ipse
863 4431 894 4494 in
917 4431 1054 4495 medium
1076 4433 1215 4514 protulit.
1260 4433 1392 4499 Disertis
1415 4435 1497 4499 enim
1547 4499 1550 4508 ,
