3408 5276
805 539 847 599 ‘23

363 739 445 820 Qisas
468 739 587 822 glossas
611 739 702 804 modo
725 740 837 804 allatas
853 741 957 804 utrum
972 741 1038 820 ipsc
1054 741 1257 822 Etymologus
1274 759 1384 804 unam-

258 863 411 926 quamque
427 844 683 907 contaminaverit
699 845 753 906 aut
768 845 994 908 contaminatas
1013 843 1079 925 jam
1094 845 1255 920 invenerit,
1279 843 1383 907 utrum

258 965 321 1010 una
351 965 389 1009 an
422 947 594 1027 complures
627 965 736 1010 manus
769 949 840 1010 ante
872 965 943 1010 cum
968 947 999 1010 in
1024 947 1268 1010 contaminandis
1290 947 1383 1011 fontis

258 1049 359 1112 verbis
383 1048 496 1126 auxilio
519 1049 673 1128 affuerint,
704 1048 808 1112 utrum
842 1067 963 1129 sempor
995 1034 1113 1113 auctori
1135 1050 1217 1113 recto
1241 1068 1296 1114 sua
1319 1051 1384 1112 cui·

258 1171 317 1234 quc
334 1151 520 1231 reddiderim
539 1171 587 1229 ana
612 1152 796 1233 ubicumque
819 1151 1072 1233 Harpocrationis
1088 1153 1230 1234 Epitomc
1254 1154 1285 1217 ot
1301 1153 1383 1216 Pho·

256 1257 321 1320 tius
344 1275 413 1320 cum
437 1255 540 1334 Suida,
574 1255 632 1320 lox.
656 1255 726 1338 ch.
749 1255 787 1320 V.
815 1274 884 1320 cum
909 1255 1019 1319 Photio
1043 1255 1233 1320 adverbum
1256 1275 1384 1320 consen-

257 1359 349 1438 tiunt,
373 1379 431 1424 non
447 1359 496 1424 illi
511 1359 658 1423 laudandi
674 1359 787 1423 fuerint
803 1360 856 1422 scd
872 1358 905 1422 hi
922 1359 970 1422 vel
986 1360 1110 1442 quintus
1126 1359 1240 1441 aliquis
1263 1361 1381 1435 auctor,

258 1461 311 1542 qui
342 1463 515 1542 temporum
547 1461 711 1542 iniquitate
734 1460 821 1525 uobis
845 1461 946 1542 pariit,
980 1461 1055 1526 hacc
1086 1462 1189 1526 omnia
1221 1461 1384 1544 dijudicari

257 1583 316 1628 non
347 1565 477 1646 possunt
508 1563 567 1627 nisi
600 1565 665 1627 tuto
690 1581 813 1644 corporo
845 1563 1019 1646 glossarum
1051 1563 1290 1646 diligentissimo
1313 1585 1382 1646 pcr-

174 1701 176 1708 ,
257 1668 388 1732 lustrato
400 1666 434 1750 ¹).
488 1666 596 1748 Ncquc
630 1666 688 1730 hoc
719 1685 789 1730 moa
811 1667 945 1731 multum
969 1668 1107 1744 interest,
1141 1687 1212 1732 cum
1243 1668 1382 1733 evincere

257 1769 407 1847 studeam,
432 1771 547 1834 multas
570 1769 671 1834 incssc
693 1770 725 1833 in
748 1771 798 1834 ut.
823 1769 866 1834 M.
891 1771 1020 1853 glossas,
1049 1791 1135 1853 quac,
1161 1771 1284 1834 etiamsi
1307 1771 1382 1835 sim·

256 1874 352 1954 pliccs
384 1891 450 1937 csse
481 1873 642 1952 videntur,
677 1875 782 1938 tamcn
814 1894 832 1938 o
857 1877 1072 1956 compluribus
1097 1877 1235 1958 pactibus
1259 1893 1383 1956 compo-

256 1975 334 2042 sitae
358 1977 429 2042 sint.
1148 2056 1153 2064 ¹

357 2080 430 2145 dam
453 2079 499 2143 bis
522 2099 551 2161 p.
579 2079 618 2141 14
642 2082 672 2144 et
696 2079 736 2144 19
758 2081 849 2146 lcxici
872 2081 1104 2146 Demosthenioi
1129 2082 1280 2146 Patmiaci
1303 2082 1384 2146 intcr

255 2183 356 2247 fontes
388 2184 438 2247 Et.
463 2183 506 2248 M.
536 2185 796 2250 commemorandi
828 2187 947 2251 occasio
979 2187 1067 2250 nobis
1099 2187 1203 2251 oblata
1234 2187 1290 2264 ost,
1323 2204 1383 2268 quo

255 2287 383 2351 tortium
405 2287 508 2352 locum
532 2306 612 2352 nunc
635 2287 819 2372 adjungam:
843 2290 893 2354 ut.
917 2291 960 2353 M.
983 2289 1058 2354 324.
1082 2288 1111 2354 2.

257 2461 304 2525 fit.
331 2463 375 2527 Μ.
401 2463 482 2526 324.
509 2463 529 2525 2
563 2490 602 2518 =
636 2463 724 2528 snio.
756 2491 794 2518 =
842 2467 904 2530 lox.
932 2467 1032 2530 Palm.
1059 2485 1091 2547 ρ.
1113 2465 1165 2530 idi.
1190 2461 1381 2547 ἐκμαρτυρίαι

254 2564 370 2629 Zoncc.
405 2566 469 2628 668
502 2565 734 2650 ἐκμαρτυρεῖν·
760 2569 796 2630 τὸ
841 2570 896 2630 καὶ
933 2568 1165 2654 ἐκμαρτυρεῖν·
1205 2567 1241 2628 τὸ
1278 2562 1383 2647 λέγειν

255 2665 358 2749 λέγειν
389 2668 449 2750 οὐχ
482 2669 561 2752 ἅπερ
584 2670 676 2744 αὐτὸς
699 2668 794 2749 οἶδεν,
841 2671 893 2734 ἐπὶ
924 2679 987 2736 τῶν
1018 2671 1175 2734 δικαστῶν
1210 2672 1270 2753 οὐχ
1303 2669 1383 2749 ἅπερ

255 2768 326 2832 ἀλλ’
359 2770 437 2852 ἅπερ
466 2768 579 2854 ἑτέρων
602 2772 722 2855 ἤκουσε
745 2771 796 2836 λε·
841 2774 934 2850 αὐτὸς
958 2795 1002 2849 τις
1025 2773 1088 2836 εἶδε
1111 2774 1219 2857 παρὼν
1248 2767 1381 2854 πραττό-

253 2869 383 2954 atticos.
842 2898 930 2961 μενα,
955 2874 1027 2940 ἀλλ’
1050 2876 1092 2939 ὢν
1114 2877 1252 2959 ἤκουσεν
1275 2869 1381 2955 ἑτέρου

840 2979 988 3063 λέγοντος
1010 2981 1066 3041 καὶ
1084 2986 1227 3062 παρεῖναι
1243 2975 1380 3058 φάσκον-

840 3103 892 3158 τος
923 3090 987 3158 τοῖς
1018 3079 1252 3166 πραττομένοις.
1300 3076 1381 3156 Quid

841 3185 878 3250 de
923 3203 996 3250 voco
1036 3181 1229 3268 ἐκμαρτυρία
1274 3182 1381 3246 auctor

840 3289 930 3354 huius
954 3287 1045 3352 laxioi
1065 3284 1260 3370 judicaverit,
1289 3285 1379 3362 igno-

839 3409 954 3468 ramus,
977 3390 1050 3471 quia
1069 3390 1173 3472 glossa
1195 3387 1298 3452 lacera
1321 3387 1378 3451 est.

838 3493 922 3556 Fieri
944 3494 1058 3574 potest,
1091 3493 1126 3556 ut
1152 3491 1246 3556 ctiam
1267 3494 1326 3554 hac
1348 3491 1379 3552 in

839 3615 872 3660 no
895 3615 966 3662 cum
980 3595 1167 3681 Mtymologo
1182 3592 1380 3659 consenserit.

840 3701 962 3767 Similia
984 3701 1034 3764 Mt.
1056 3699 1101 3763 M.
1124 3697 1252 3780 praebet
1273 3698 1378 3760 scto'.

254 3801 445 3886 ἐκμαρτυρία
456 3803 490 3866 δὲ
499 3803 704 3891 γεγραμμένη
720 3806 794 3870 ἀνα·
841 3803 1006 3870 Αοεοὴλ.
1024 3806 1055 3867 19
1079 3821 1106 3868 s.
1128 3803 1150 3867 i.
1176 3809 1237 3864 τῶν
1261 3798 1380 3883 ἀποδη-

252 3904 453 3989 advocacia,
478 3907 554 3970 ὅταν
578 3928 623 3982 τις
643 3909 665 3992 ἢ
687 3907 794 3972 sedco—
842 3907 979 3993 μούντων
1003 3907 1065 3989 γὰρ
1081 3906 1135 3968 καὶ
1151 3910 1212 3968 τῶν
1229 3904 1273 3988 μὴ
1289 3901 1380 3965 δυνα-

253 4007 352 4092 τήσας
376 4009 425 4092 (ἡ)
450 4009 471 4092 ἢ
496 4009 664 4094 ὑπερόριος.
842 4009 939 4095 μένων
970 4007 1080 4072 ἐλθεῖν
1106 4008 1148 4083 εἰς
1170 4009 1206 4070 τὸ
1229 4004 1380 4088 δικαστή-

356 4380 383 4441 1)
403 4378 469 4462 Otto
488 4378 613 4435 Oomuth
631 4381 810 4444 ,Festschrift
827 4381 873 4434 fiir
890 4381 985 4434 Ludw.
1004 4380 1195 4434 Friedliindor‘
1214 4395 1239 4447 p.
1262 4379 1309 4433 102
1336 4379 1379 4432 ut.

253 4463 424 4529 chuiuum,
443 4467 518 4531 quod
537 4467 648 4525 dicitur.
667 4467 754 4521 Suido
771 4467 833 4533 ipso
852 4467 894 4520 uti
913 4467 1041 4533 potuisse
1060 4469 1164 4520 censet.
