3396 5278
773 533 816 598 89

233 739 372 822 (Ddhner
394 735 435 802 ll.
459 755 489 819 p.
515 737 589 802 489.
613 737 667 822 12)
699 738 739 804 ed
768 743 851 805 huuc
873 739 975 805 locum
998 757 1058 805 non
1081 739 1181 806 solum
1204 738 1246 818 id,
1279 738 1360 824 quod

232 843 292 908 huc
326 841 447 924 spectat
469 841 501 906 et
522 841 809 924 interpretationem
831 861 937 909 revera
960 842 1097 927 adjuvat,
1128 841 1246 922 attulit,
1278 843 1309 908 h.
1333 862 1358 908 o.

233 947 271 1011 de
292 943 476 1030 prytanitus
497 945 530 1010 et
551 945 702 1029 prptauiis
725 945 860 1026 disserit,
884 945 938 1012 sed
960 946 1065 1025 etiam,
1090 945 1165 1030 quid
1186 953 1359 1030 πρυτανεῖα

234 1048 304 1126 siut,
339 1047 489 1130 exposuit.
543 1046 605 1112 Gur
635 1047 693 1114 hoc
728 1048 844 1128 fecerit,
883 1049 1063 1134 intellegere
1094 1067 1154 1116 non
1185 1067 1359 1132 possumus,

233 1152 293 1217 nisi
324 1169 482 1219 sumamus
514 1168 619 1216 omues
653 1154 715 1217 tres
738 1152 858 1236 glossas
881 1154 913 1218 st
935 1153 1098 1237 πρυτάνεις
1122 1155 1154 1218 et
1175 1152 1361 1237 πρυτανείας

233 1257 265 1320 et
285 1262 456 1339 πρυτανεῖα
478 1255 509 1318 in
532 1253 617 1319 fonte
639 1253 824 1320 scholiastae
850 1254 917 1340 jam
949 1256 1127 1340 conjunctas
1150 1253 1255 1334 fuisse,
1288 1274 1360 1320 nam

233 1355 272 1422 ad
303 1357 405 1422 locum
436 1355 634 1422 Platonicum
665 1357 879 1440 explicandum
911 1365 1084 1442 πρυτανεῖα
1107 1358 1259 1424 advehere
1281 1358 1360 1422 nihil

234 1479 311 1543 opus
334 1461 410 1526 erat.
455 1459 538 1539 Quae
563 1461 756 1526 ratiocinatio
779 1461 1004 1544 comprobatur,
1028 1461 1056 1525 si
1078 1461 1155 1527 alios
1178 1461 1260 1527 locos
1277 1479 1360 1526 com·

232 1561 385 1644 ponimus.
429 1560 512 1627 Nam
543 1563 602 1628 etsi
634 1563 831 1629 concedimus
862 1564 1019 1629 auctorem
1046 1561 1104 1629 lex.
1127 1563 1198 1648 Sag.
1222 1563 1260 1626 V.
1285 1561 1358 1628 291.

232 1665 264 1730 4.
289 1665 338 1730 ll.
363 1663 415 1743 15,
446 1665 527 1747 quod
558 1666 713 1732 similibus
739 1667 840 1732 verbis
862 1667 1029 1749 eodemque
1052 1666 1158 1732 ordine
1181 1665 1357 1751 πρυτάνεις,

232 1767 429 1853 πρυτανείας,
468 1777 640 1852 πρυτανεῖα
677 1787 751 1836 usus
789 1771 839 1850 sn,
878 1771 963 1836 casui
1000 1771 1126 1836 cuidam
1159 1770 1360 1836 tribuendum
1406 1783 1411 1790 '

234 1889 309 1950 esse,
343 1874 448 1936 tamon
471 1871 521 1936 vir
543 1871 652 1937 eodem
674 1890 749 1938 casu
771 1873 908 1956 glossam
931 1851 1117 1939 Photianam
1142 1891 1167 1938 s.
1190 1891 1220 1937 v.
1242 1893 1359 1956 πρυτα·

233 1973 300 2038 νεία
321 1973 485 2040 conflatam
509 1991 576 2040 esse
599 1974 687 2039 nohis
710 1975 892 2057 persuadere
915 1994 1090 2058 possumus.
1147 1974 1233 2054 Quae
1255 1975 1360 2059 glossa

233 2078 278 2141 sic
307 2075 560 2142 manifestissime
590 2078 762 2160 composita
793 2078 850 2156 est,
882 2079 917 2143 nt
947 2079 1036 2143 initio
1067 2079 1183 2144 similia
1210 2079 1360 2162 praebeat

161 2254 165 2259 ,
233 2197 268 2244 ac
290 2179 349 2244 lex.
372 2175 443 2263 Sag.
467 2179 504 2244 V.
527 2177 601 2244 291.
627 2180 677 2258 ll,
700 2180 768 2244 turn
791 2181 911 2246 mutato
933 2182 1040 2246 ordine
1063 2183 1199 2263 primum
1223 2184 1261 2247 de
1284 2201 1359 2265 πρυ-

232 2291 342 2346 τανεῖα
373 2280 482 2347 deinde
513 2282 550 2348 de
582 2291 765 2366 πρυτανειαι
796 2287 899 2349 αιτιοι
929 2284 991 2348 iere
1023 2283 1140 2362 eadem,
1174 2302 1252 2366 quae
1275 2284 1359 2366 apud

233 2386 329 2450 schol.
352 2385 432 2451 Plat.
463 2386 524 2452 alio
556 2386 661 2452 ordine
692 2387 835 2470 legimus.
882 2387 958 2451 lnde
989 2386 1129 2469 sequitur
1160 2385 1358 2452 scholiastam

234 2509 291 2555 neo
312 2507 371 2554 non
387 2489 534 2556 Photium
558 2490 687 2555 eundem
704 2491 821 2556 iontem
845 2491 904 2556 sihi
928 2491 1136 2573 acquisivisse,
1160 2491 1191 2554 in
1215 2507 1274 2572 qrro
1293 2489 1358 2573 jam

234 2591 336 2658 omnia
368 2592 429 2658 tria
456 2593 606 2659 vocabula
628 2594 723 2658 simul
754 2593 907 2678 explicata
932 2595 1029 2660 erent.
1075 2593 1132 2658 llle
1155 2594 1258 2658 autem
1281 2593 1358 2668 fons,

233 2695 352 2762 scilicet
373 2695 457 2760 idem
480 2695 597 2761 lsricmr
629 2699 827 2776 rhetoricum,
858 2697 897 2762 ad
921 2697 1002 2781 quod
1026 2715 1118 2780 supra
1140 2697 1259 2780 glossas
1283 2695 1359 2780 ἡγε-

234 2795 323 2883 μονία
359 2795 574 2883 δικαστηρίου,
614 2799 825 2884 θεσμοθετῶν
857 2799 1029 2883 ἀνάκρισις,
1070 2799 1148 2864 alias
1171 2797 1360 2875 rettulimus,

232 2902 264 2965 in
286 2901 392 2966 libello
415 2899 603 2967 Aristotelen
625 2904 747 2967 tantum
770 2903 810 2967 ad
831 2919 921 2968 voces
949 2900 1113 2985 πρυτάνεις
1135 2903 1166 2964 et
1189 2898 1359 2983 πρυτανεία

233 3005 428 3088 explicandas
465 3005 630 3072 materiam
667 3005 727 3071 sihi
763 3005 874 3070 utilem
910 3005 1044 3083 invenit,
1082 3004 1120 3069 de
1158 3003 1359 3069 sacramentis

233 3107 337 3174 annm
354 3107 390 3190 ¹),
428 3125 507 3190 quae
538 3107 652 3174 Graeci
682 3117 854 3192 πρυτανεῖα
885 3107 1096 3185 nominabant,
1130 3108 1213 3171 hunc
1244 3106 1360 3171 librum

234 3211 349 3276 omna
375 3211 518 3291 excussit,
551 3231 644 3294 quam
668 3213 707 3278 ob
731 3231 856 3277 oausam
879 3211 918 3276 ad
942 3213 1078 3277 oratores
1101 3210 1212 3275 atticos
1235 3210 1264 3274 ei
1286 3228 1359 3272 con·

234 3313 414 3397 tumendum
438 3317 512 3381 orat.
558 3316 668 3382 Nonne
689 3316 773 3382 idem
795 3317 846 3381 hic
868 3315 985 3380 lactum
1009 3333 1076 3380 esse
1098 3311 1250 3390 videmus,
1278 3312 1359 3394 qnod

235 3417 325 3483 modo
356 3418 388 3482 in
420 3419 533 3503 glossis
565 3418 666 3504 κημάς
701 3421 732 3484 et
762 3420 912 3505 ἀμφορεῖς
944 3417 1247 3483 animadvertimus?
1291 3415 1361 3479 lllio

235 3519 434 3605 coetestem
458 3521 635 3589 Aristotelis
658 3523 806 3604 opusculo
829 3522 975 3606 explicati
997 3523 1100 3606 κημὸς
1131 3520 1274 3596 omissus,
1309 3519 1359 3582 hic

234 3633 405 3707 πρυτανεῖα
437 3624 552 3690 omissa
582 3635 766 3709 πρυτανεῖαι
798 3626 830 3690 et
861 3623 1024 3708 πρυτάνεις
1056 3623 1208 3706 explicata
1240 3622 1359 3686 inveni-

233 3729 336 3793 untur.
388 3725 496 3810 Neque
534 3728 624 3794 aliter
662 3730 754 3811 atque
791 3728 856 3793 illie
892 3728 999 3793 nostro
1029 3726 1096 3791 loco
1125 3725 1186 3790 hae
1219 3723 1359 3808 singulae

235 3829 355 3912 glossae
378 3829 410 3894 in
434 3830 564 3914 singulis
587 3831 693 3897 lexicis
714 3830 875 3896 rhetoricis
898 3829 1070 3914 disjunctae
1093 3829 1254 3914 leguntur:

335 3930 499 4016 πρυτάνεις
521 3933 579 3999 lex.
609 3933 698 3999 Deru.
722 3933 740 4018 ξ
763 3932 805 3997 29
828 3953 859 4016 p.
884 3932 947 3996 140
969 3952 993 3997 s.
1016 3931 1039 3996 f.
1064 3932 1095 3997 et
1117 3932 1135 4014 ξ
1157 3930 1208 3994 37.
1233 3949 1263 4013 p.
1289 3929 1358 4006 140,

233 4033 290 4098 lox.
314 4033 385 4118 Seg.
409 4034 446 4100 V.
470 4033 544 4100 291.
567 4035 598 4100 4.
623 4063 661 4092 =
685 4036 736 4101 lit.
759 4036 803 4101 M.
826 4035 901 4101 693.
925 4035 977 4114 53,
1012 4035 1110 4118 Harp.
1133 4053 1158 4099 s.
1182 4051 1210 4098 v.
1241 4031 1358 4116 πρυτά-

234 4156 292 4212 νεις
317 4165 355 4194 =
379 4137 534 4204 titillor.
558 4137 605 4204 ed.
629 4139 742 4205 Miller.
766 4159 795 4223 p.
819 4137 894 4204 259.
916 4138 936 4203 7
961 4157 988 4204 a.
1012 4139 1031 4206 i.

233 4327 490 4344 ..ψῃ-

337 4453 363 4520 1)
381 4455 486 4518 Bdclrh
505 4455 639 4510 Staatsh.³
659 4456 678 4509 Ι.
696 4470 721 4522 p.
739 4411 798 4508 416.
