<?xml version="1.0" encoding="UTF-8"?>
<!DOCTYPE html PUBLIC "-//W3C//DTD XHTML 1.0 Transitional//EN"
    "http://www.w3.org/TR/xhtml1/DTD/xhtml1-transitional.dtd">
<html xmlns="http://www.w3.org/1999/xhtml" xml:lang="en" lang="en">
 <head>
  <title>
</title>
<meta http-equiv="Content-Type" content="text/html;charset=utf-8" />
  <meta name='ocr-system' content='tesseract 3.04.00' />
  <meta name='ocr-capabilities' content='ocr_page ocr_carea ocr_par ocr_line ocrx_word'/>
</head>
<body>
  <div class='ocr_page' id='page_1' title='image "./dearistotelispo01bursgoog_0047.png"; bbox 0 0 3408 5276; ppageno 0'>
   <div class='ocr_carea' id='block_1_1' title="bbox 874 552 916 616">
    <p class='ocr_par' dir='ltr' id='par_1_1' title="bbox 874 552 916 616">
     <span class='ocr_line' id='line_1_1' title="bbox 874 552 916 616; baseline 0 0"><span class='ocrx_word' id='word_1_1' title='bbox 874 552 916 616; x_wconf 82' lang='lat'>34</span> 
     </span>
    </p>
   </div>
   <div class='ocr_carea' id='block_1_2' title="bbox 331 752 1460 1764">
    <p class='ocr_par' dir='ltr' id='par_1_2' title="bbox 331 752 1460 1764">
     <span class='ocr_line' id='line_1_2' title="bbox 331 752 1458 840; baseline -0.004 -18"><span class='ocrx_word' id='word_1_2' title='bbox 331 757 588 840; x_wconf 89' lang='lat' dir='ltr'>Harpocrationei</span> <span class='ocrx_word' id='word_1_3' title='bbox 619 756 750 821; x_wconf 83' lang='lat' dir='ltr'>sormam</span> <span class='ocrx_word' id='word_1_4' title='bbox 781 755 869 820; x_wconf 90' lang='lat' dir='ltr'>nobis</span> <span class='ocrx_word' id='word_1_5' title='bbox 901 754 1006 819; x_wconf 80' lang='lat' dir='ltr'>deesse</span> <span class='ocrx_word' id='word_1_6' title='bbox 1037 757 1069 818; x_wconf 89' lang='lat' dir='ltr'>et</span> <span class='ocrx_word' id='word_1_7' title='bbox 1103 771 1158 818; x_wconf 93' lang='lat' dir='ltr'>nos</span> <span class='ocrx_word' id='word_1_8' title='bbox 1196 752 1356 816; x_wconf 91' lang='lat' dir='ltr'>contentos</span> <span class='ocrx_word' id='word_1_9' title='bbox 1390 770 1458 817; x_wconf 89' lang='lat' dir='ltr'>esse</span> 
     </span>
     <span class='ocr_line' id='line_1_3' title="bbox 333 853 1460 943; baseline -0.006 -18"><span class='ocrx_word' id='word_1_10' title='bbox 333 862 472 943; x_wconf 84' lang='lat' dir='ltr'>oportere</span> <span class='ocrx_word' id='word_1_11' title='bbox 504 859 654 941; x_wconf 74' lang='lat' dir='ltr'>excerptis</span> <span class='ocrx_word' id='word_1_12' title='bbox 684 859 753 922; x_wconf 89' lang='lat' dir='ltr'>tum</span> <span class='ocrx_word' id='word_1_13' title='bbox 784 857 972 941; x_wconf 82' lang='lat' dir='ltr'>plenioribus</span> <span class='ocrx_word' id='word_1_14' title='bbox 1004 858 1072 922; x_wconf 92' lang='lat' dir='ltr'>tum</span> <span class='ocrx_word' id='word_1_15' title='bbox 1095 855 1295 920; x_wconf 88' lang='lat' dir='ltr'>brevioribus.</span> <span class='ocrx_word' id='word_1_16' title='bbox 1340 853 1460 919; x_wconf 81' lang='grc'><strong>(10111-</strong></span> 
     </span>
     <span class='ocr_line' id='line_1_4' title="bbox 333 960 1459 1044; baseline -0.004 -17"><span class='ocrx_word' id='word_1_17' title='bbox 333 983 407 1028; x_wconf 91' lang='lat' dir='ltr'>num</span> <span class='ocrx_word' id='word_1_18' title='bbox 430 982 501 1028; x_wconf 88' lang='lat' dir='ltr'>vero</span> <span class='ocrx_word' id='word_1_19' title='bbox 525 962 803 1044; x_wconf 89' lang='lat' dir='ltr'>Harpocrationem</span> <span class='ocrx_word' id='word_1_20' title='bbox 826 979 994 1042; x_wconf 87' lang='lat' dir='ltr'><strong>numquam</strong></span> <span class='ocrx_word' id='word_1_21' title='bbox 1024 960 1208 1037; x_wconf 76' lang='lat' dir='ltr'>videbimus,</span> <span class='ocrx_word' id='word_1_22' title='bbox 1242 962 1382 1041; x_wconf 69' lang='lat' dir='ltr'>quamam</span> <span class='ocrx_word' id='word_1_23' title='bbox 1407 977 1459 1022; x_wconf 89' lang='lat' dir='ltr'>au·</span> 
     </span>
     <span class='ocr_line' id='line_1_5' title="bbox 332 1060 1459 1148; baseline -0.006 -18"><span class='ocrx_word' id='word_1_24' title='bbox 332 1073 395 1130; x_wconf 86' lang='lat' dir='ltr'>tem</span> <span class='ocrx_word' id='word_1_25' title='bbox 418 1067 673 1148; x_wconf 73' lang='lat' dir='ltr'>Harpocrationis</span> <span class='ocrx_word' id='word_1_26' title='bbox 691 1067 906 1128; x_wconf 73' lang='lat' dir='ltr'>recensionem</span> <span class='ocrx_word' id='word_1_27' title='bbox 927 1062 1093 1145; x_wconf 84' lang='lat' dir='ltr'>aliquando</span> <span class='ocrx_word' id='word_1_28' title='bbox 1117 1067 1150 1126; x_wconf 88' lang='lat' dir='ltr'>ut</span> <span class='ocrx_word' id='word_1_29' title='bbox 1173 1061 1367 1141; x_wconf 75' lang='lat' dir='ltr'>indagemus,</span> <span class='ocrx_word' id='word_1_30' title='bbox 1391 1060 1459 1124; x_wconf 82' lang='lat' dir='ltr'>lieri</span> 
     </span>
     <span class='ocr_line' id='line_1_6' title="bbox 334 1162 1459 1252; baseline -0.005 -19"><span class='ocrx_word' id='word_1_31' title='bbox 334 1174 452 1252; x_wconf 86' lang='lat' dir='ltr'>potest.</span> <span class='ocrx_word' id='word_1_32' title='bbox 492 1167 576 1246; x_wconf 81' lang='lat' dir='ltr'>Quae</span> <span class='ocrx_word' id='word_1_33' title='bbox 598 1186 668 1249; x_wconf 91' lang='lat' dir='ltr'>spes</span> <span class='ocrx_word' id='word_1_34' title='bbox 684 1167 750 1230; x_wconf 87' lang='lat' dir='ltr'>veri</span> <span class='ocrx_word' id='word_1_35' title='bbox 766 1165 996 1236; x_wconf 76' lang='lat' dir='ltr'>similionfacta</span> <span class='ocrx_word' id='word_1_36' title='bbox 1018 1165 1074 1242; x_wconf 77' lang='lat' dir='ltr'>est,</span> <span class='ocrx_word' id='word_1_37' title='bbox 1099 1183 1135 1229; x_wconf 85' lang='lat' dir='ltr'>ex</span> <span class='ocrx_word' id='word_1_38' title='bbox 1150 1183 1209 1246; x_wconf 88' lang='lat' dir='ltr'>quo</span> <span class='ocrx_word' id='word_1_39' title='bbox 1232 1165 1371 1245; x_wconf 89' lang='lat' dir='ltr'>tempore</span> <span class='ocrx_word' id='word_1_40' title='bbox 1394 1162 1459 1227; x_wconf 87' lang='lat' dir='ltr'>iru-</span> 
     </span>
     <span class='ocr_line' id='line_1_7' title="bbox 334 1265 1460 1352; baseline -0.006 -17"><span class='ocrx_word' id='word_1_41' title='bbox 334 1271 416 1336; x_wconf 80' lang='grc'><strong>01110</strong></span> <span class='ocrx_word' id='word_1_42' title='bbox 447 1271 610 1335; x_wconf 85' lang='lat' dir='ltr'>chartacea</span> <span class='ocrx_word' id='word_1_43' title='bbox 634 1290 649 1334; x_wconf 91' lang='lat' dir='ltr'>e</span> <span class='ocrx_word' id='word_1_44' title='bbox 673 1269 883 1352; x_wconf 89' lang='lat' dir='ltr'>sepulcrorum</span> <span class='ocrx_word' id='word_1_45' title='bbox 906 1268 1168 1352; x_wconf 75' lang='lat' dir='ltr'>Aegyptiacorum</span> <span class='ocrx_word' id='word_1_46' title='bbox 1191 1266 1325 1331; x_wconf 88' lang='lat' dir='ltr'>tenebris</span> <span class='ocrx_word' id='word_1_47' title='bbox 1348 1265 1460 1328; x_wconf 89' lang='lat' dir='ltr'>effossa</span> 
     </span>
     <span class='ocr_line' id='line_1_8' title="bbox 332 1367 1459 1453; baseline -0.004 -16"><span class='ocrx_word' id='word_1_48' title='bbox 332 1374 440 1438; x_wconf 87' lang='lat' dir='ltr'>multis</span> <span class='ocrx_word' id='word_1_49' title='bbox 463 1373 550 1437; x_wconf 85' lang='lat' dir='ltr'>novis</span> <span class='ocrx_word' id='word_1_50' title='bbox 572 1373 663 1436; x_wconf 91' lang='lat' dir='ltr'>rebus</span> <span class='ocrx_word' id='word_1_51' title='bbox 687 1371 791 1436; x_wconf 88' lang='lat' dir='ltr'>studia</span> <span class='ocrx_word' id='word_1_52' title='bbox 813 1371 1008 1453; x_wconf 74' lang='lat' dir='ltr'>antiquitatis</span> <span class='ocrx_word' id='word_1_53' title='bbox 1032 1371 1249 1435; x_wconf 80' lang='lat' dir='ltr'>excitaverunt.</span> <span class='ocrx_word' id='word_1_54' title='bbox 1295 1367 1370 1432; x_wconf 84' lang='lat' dir='ltr'>Tale</span> <span class='ocrx_word' id='word_1_55' title='bbox 1392 1368 1459 1432; x_wconf 84' lang='lat' dir='ltr'>iru-</span> 
     </span>
     <span class='ocr_line' id='line_1_9' title="bbox 333 1471 1457 1558; baseline -0.005 -18"><span class='ocrx_word' id='word_1_56' title='bbox 333 1477 451 1540; x_wconf 91' lang='lat' dir='ltr'>stulnm</span> <span class='ocrx_word' id='word_1_57' title='bbox 482 1477 513 1539; x_wconf 94' lang='lat' dir='ltr'>in</span> <span class='ocrx_word' id='word_1_58' title='bbox 547 1493 652 1539; x_wconf 86' lang='lat' dir='ltr'>museo</span> <span class='ocrx_word' id='word_1_59' title='bbox 684 1474 866 1558; x_wconf 89' lang='lat' dir='ltr'>aegyptiaco</span> <span class='ocrx_word' id='word_1_60' title='bbox 889 1474 1082 1538; x_wconf 88' lang='lat' dir='ltr'>Berolinensi</span> <span class='ocrx_word' id='word_1_61' title='bbox 1115 1475 1270 1538; x_wconf 88' lang='lat' dir='ltr'>servatum</span> <span class='ocrx_word' id='word_1_62' title='bbox 1303 1473 1335 1535; x_wconf 90' lang='lat' dir='ltr'>et</span> <span class='ocrx_word' id='word_1_63' title='bbox 1365 1491 1383 1536; x_wconf 94' lang='lat' dir='ltr'>a</span> <span class='ocrx_word' id='word_1_64' title='bbox 1409 1471 1457 1535; x_wconf 73' lang='lat' dir='ltr'>l&#39;r.</span> 
     </span>
     <span class='ocr_line' id='line_1_10' title="bbox 332 1574 1460 1662; baseline -0.005 -18"><span class='ocrx_word' id='word_1_65' title='bbox 332 1579 455 1645; x_wconf 89' lang='lat' dir='ltr'>Blassio</span> <span class='ocrx_word' id='word_1_66' title='bbox 467 1578 494 1660; x_wconf 85' lang='lat'>¹)</span> <span class='ocrx_word' id='word_1_67' title='bbox 524 1579 589 1662; x_wconf 89' lang='lat' dir='ltr'>jam</span> <span class='ocrx_word' id='word_1_68' title='bbox 623 1579 663 1640; x_wconf 87' lang='lat'>15</span> <span class='ocrx_word' id='word_1_69' title='bbox 687 1578 757 1641; x_wconf 89' lang='lat' dir='ltr'>ante</span> <span class='ocrx_word' id='word_1_70' title='bbox 789 1595 884 1640; x_wconf 88' lang='lat' dir='ltr'>annos</span> <span class='ocrx_word' id='word_1_71' title='bbox 907 1576 1026 1641; x_wconf 89' lang='lat' dir='ltr'>editum</span> <span class='ocrx_word' id='word_1_72' title='bbox 1049 1595 1082 1640; x_wconf 94' lang='lat' dir='ltr'>re</span> <span class='ocrx_word' id='word_1_73' title='bbox 1105 1595 1178 1640; x_wconf 85' lang='lat' dir='ltr'>vera</span> <span class='ocrx_word' id='word_1_74' title='bbox 1201 1593 1255 1639; x_wconf 91' lang='lat' dir='ltr'>nos</span> <span class='ocrx_word' id='word_1_75' title='bbox 1279 1574 1383 1640; x_wconf 85' lang='lat' dir='ltr'>docuit</span> <span class='ocrx_word' id='word_1_76' title='bbox 1406 1575 1460 1638; x_wconf 89' lang='lat' dir='ltr'>aut</span> 
     </span>
     <span class='ocr_line' id='line_1_11' title="bbox 333 1677 1459 1764; baseline -0.004 -18"><span class='ocrx_word' id='word_1_77' title='bbox 333 1682 607 1764; x_wconf 88' lang='lat' dir='ltr'>Harpocrationem</span> <span class='ocrx_word' id='word_1_78' title='bbox 632 1681 733 1760; x_wconf 85' lang='lat' dir='ltr'>ipsurn</span> <span class='ocrx_word' id='word_1_79' title='bbox 758 1679 856 1744; x_wconf 82' lang='lat' dir='ltr'>sontes</span> <span class='ocrx_word' id='word_1_80' title='bbox 880 1698 951 1743; x_wconf 88' lang='lat' dir='ltr'>suos</span> <span class='ocrx_word' id='word_1_81' title='bbox 976 1678 1068 1742; x_wconf 91' lang='lat' dir='ltr'>nimis</span> <span class='ocrx_word' id='word_1_82' title='bbox 1083 1678 1115 1741; x_wconf 91' lang='lat' dir='ltr'>in</span> <span class='ocrx_word' id='word_1_83' title='bbox 1131 1679 1232 1742; x_wconf 87' lang='lat' dir='ltr'>artum</span> <span class='ocrx_word' id='word_1_84' title='bbox 1258 1677 1459 1753; x_wconf 84' lang='lat' dir='ltr'>contraxisse,</span> 
     </span>
    </p>
   </div>
   <div class='ocr_carea' id='block_1_3' title="bbox 331 1781 1460 2278">
    <p class='ocr_par' dir='ltr' id='par_1_3' title="bbox 331 1781 1460 2278">
     <span class='ocr_line' id='line_1_12' title="bbox 333 1781 1458 1867; baseline -0.002 -18"><span class='ocrx_word' id='word_1_85' title='bbox 333 1786 387 1850; x_wconf 88' lang='lat' dir='ltr'>aut</span> <span class='ocrx_word' id='word_1_86' title='bbox 418 1785 533 1849; x_wconf 86' lang='lat' dir='ltr'>librum</span> <span class='ocrx_word' id='word_1_87' title='bbox 565 1785 670 1867; x_wconf 83' lang='lat' dir='ltr'>istum,</span> <span class='ocrx_word' id='word_1_88' title='bbox 704 1802 795 1866; x_wconf 90' lang='lat' dir='ltr'>quern</span> <span class='ocrx_word' id='word_1_89' title='bbox 818 1781 1072 1865; x_wconf 89' lang='lat' dir='ltr'>Harpocrationis</span> <span class='ocrx_word' id='word_1_90' title='bbox 1099 1801 1165 1846; x_wconf 87' lang='lat' dir='ltr'>esse</span> <span class='ocrx_word' id='word_1_91' title='bbox 1190 1781 1291 1845; x_wconf 83' lang='lat' dir='ltr'>dicere</span> <span class='ocrx_word' id='word_1_92' title='bbox 1314 1782 1458 1858; x_wconf 83' lang='lat' dir='ltr'>solemus,</span> 
     </span>
     <span class='ocr_line' id='line_1_13' title="bbox 332 1884 1459 1968; baseline 0.001 -18"><span class='ocrx_word' id='word_1_93' title='bbox 332 1889 508 1968; x_wconf 88' lang='lat' dir='ltr'>temporum</span> <span class='ocrx_word' id='word_1_94' title='bbox 539 1886 703 1968; x_wconf 90' lang='lat' dir='ltr'>iniquitate</span> <span class='ocrx_word' id='word_1_95' title='bbox 736 1886 828 1950; x_wconf 90' lang='lat' dir='ltr'>nimis</span> <span class='ocrx_word' id='word_1_96' title='bbox 859 1885 1030 1950; x_wconf 88' lang='lat' dir='ltr'>laceratum</span> <span class='ocrx_word' id='word_1_97' title='bbox 1061 1884 1099 1949; x_wconf 89' lang='lat' dir='ltr'>ad</span> <span class='ocrx_word' id='word_1_98' title='bbox 1124 1903 1179 1949; x_wconf 91' lang='lat' dir='ltr'>nos</span> <span class='ocrx_word' id='word_1_99' title='bbox 1206 1885 1389 1966; x_wconf 85' lang='lat' dir='ltr'>pervenisse.</span> <span class='ocrx_word' id='word_1_100' title='bbox 1434 1887 1459 1950; x_wconf 86' lang='grc'>11</span> 
     </span>
     <span class='ocr_line' id='line_1_14' title="bbox 333 1986 1459 2070; baseline -0.001 -16"><span class='ocrx_word' id='word_1_101' title='bbox 333 1991 488 2054; x_wconf 83' lang='lat' dir='ltr'>senonim</span> <span class='ocrx_word' id='word_1_102' title='bbox 512 1989 623 2070; x_wconf 82' lang='lat' dir='ltr'>glossis</span> <span class='ocrx_word' id='word_1_103' title='bbox 647 1989 865 2054; x_wconf 86' lang='lat' dir='ltr'>Demosthenis</span> <span class='ocrx_word' id='word_1_104' title='bbox 888 1987 1034 2052; x_wconf 89' lang='lat' dir='ltr'>orationis</span> <span class='ocrx_word' id='word_1_105' title='bbox 1058 1986 1295 2064; x_wconf 82' lang='lat' dir='ltr'>Aristocrateae,</span> <span class='ocrx_word' id='word_1_106' title='bbox 1328 1989 1459 2070; x_wconf 88' lang='lat' dir='ltr'>quaein</span> 
     </span>
     <span class='ocr_line' id='line_1_15' title="bbox 331 2090 1460 2174; baseline -0.001 -20"><span class='ocrx_word' id='word_1_107' title='bbox 331 2091 390 2155; x_wconf 92' lang='lat' dir='ltr'>hoc</span> <span class='ocrx_word' id='word_1_108' title='bbox 405 2091 579 2170; x_wconf 81' lang='lat' dir='ltr'>fragmento</span> <span class='ocrx_word' id='word_1_109' title='bbox 596 2092 763 2174; x_wconf 86' lang='lat' dir='ltr'>inscriptae</span> <span class='ocrx_word' id='word_1_110' title='bbox 782 2093 864 2169; x_wconf 84' lang='lat' dir='ltr'>sunt,</span> <span class='ocrx_word' id='word_1_111' title='bbox 886 2093 949 2155; x_wconf 91' lang='lat' dir='ltr'>tres</span> <span class='ocrx_word' id='word_1_112' title='bbox 964 2090 1098 2173; x_wconf 87' lang='lat' dir='ltr'>legimus</span> <span class='ocrx_word' id='word_1_113' title='bbox 1116 2110 1165 2172; x_wconf 89' lang='lat' dir='ltr'>ap.</span> <span class='ocrx_word' id='word_1_114' title='bbox 1181 2090 1460 2172; x_wconf 88' lang='lat' dir='ltr'>Harpocrationem</span> 
     </span>
     <span class='ocr_line' id='line_1_16' title="bbox 333 2191 1458 2278; baseline -0.001 -21"><span class='ocrx_word' id='word_1_115' title='bbox 333 2213 358 2257; x_wconf 92' lang='lat' dir='ltr'>s.</span> <span class='ocrx_word' id='word_1_116' title='bbox 380 2213 409 2258; x_wconf 90' lang='lat' dir='ltr'>v.</span> <span class='ocrx_word' id='word_1_117' title='bbox 434 2193 542 2277; x_wconf 76' lang='grc' dir='ltr'>μόραν,</span> <span class='ocrx_word' id='word_1_118' title='bbox 568 2192 649 2276; x_wconf 73' lang='grc' dir='ltr'>ὁδός,</span> <span class='ocrx_word' id='word_1_119' title='bbox 674 2194 690 2257; x_wconf 78' lang='grc' dir='ltr'>ὁ</span> <span class='ocrx_word' id='word_1_120' title='bbox 714 2193 863 2258; x_wconf 70' lang='grc' dir='ltr'><strong>κάτωθεν</strong></span> <span class='ocrx_word' id='word_1_121' title='bbox 886 2191 987 2277; x_wconf 73' lang='grc' dir='ltr'>νόμος.</span> <span class='ocrx_word' id='word_1_122' title='bbox 1029 2193 1089 2258; x_wconf 87' lang='lat' dir='ltr'>Sed</span> <span class='ocrx_word' id='word_1_123' title='bbox 1110 2194 1232 2276; x_wconf 87' lang='lat' dir='ltr'>glossae</span> <span class='ocrx_word' id='word_1_124' title='bbox 1249 2195 1458 2278; x_wconf 83' lang='lat' dir='ltr'>Aegyptiacae</span> 
     </span>
    </p>
   </div>
   <div class='ocr_carea' id='block_1_4' title="bbox 331 2296 1461 4023">
    <p class='ocr_par' dir='ltr' id='par_1_4' title="bbox 331 2296 1460 3406">
     <span class='ocr_line' id='line_1_17' title="bbox 332 2296 1460 2379; baseline 0 -20"><span class='ocrx_word' id='word_1_125' title='bbox 332 2296 432 2360; x_wconf 89' lang='lat' dir='ltr'>multo</span> <span class='ocrx_word' id='word_1_126' title='bbox 465 2298 536 2361; x_wconf 91' lang='lat' dir='ltr'>sunt</span> <span class='ocrx_word' id='word_1_127' title='bbox 567 2297 731 2379; x_wconf 80' lang='lat' dir='ltr'>pleniores,</span> <span class='ocrx_word' id='word_1_128' title='bbox 763 2315 855 2379; x_wconf 89' lang='lat' dir='ltr'>quarn</span> <span class='ocrx_word' id='word_1_129' title='bbox 887 2297 969 2371; x_wconf 74' lang='lat' dir='ltr'>illae,</span> <span class='ocrx_word' id='word_1_130' title='bbox 1002 2316 1077 2378; x_wconf 92' lang='lat' dir='ltr'>quas</span> <span class='ocrx_word' id='word_1_131' title='bbox 1110 2297 1182 2360; x_wconf 93' lang='lat' dir='ltr'>libri</span> <span class='ocrx_word' id='word_1_132' title='bbox 1204 2297 1460 2379; x_wconf 89' lang='lat' dir='ltr'>Harpocrationei</span> 
     </span>
     <span class='ocr_line' id='line_1_18' title="bbox 332 2399 1459 2481; baseline -0.002 -18"><span class='ocrx_word' id='word_1_133' title='bbox 332 2399 421 2464; x_wconf 92' lang='lat' dir='ltr'>nobis</span> <span class='ocrx_word' id='word_1_134' title='bbox 454 2399 611 2481; x_wconf 89' lang='lat' dir='ltr'>praebent.</span> <span class='ocrx_word' id='word_1_135' title='bbox 667 2399 785 2479; x_wconf 78' lang='lat' dir='ltr'>Quibus</span> <span class='ocrx_word' id='word_1_136' title='bbox 817 2399 893 2464; x_wconf 90' lang='lat' dir='ltr'>locis</span> <span class='ocrx_word' id='word_1_137' title='bbox 924 2400 1110 2480; x_wconf 86' lang='lat' dir='ltr'>cornparatis</span> <span class='ocrx_word' id='word_1_138' title='bbox 1142 2400 1270 2480; x_wconf 87' lang='lat' dir='ltr'>apparet</span> <span class='ocrx_word' id='word_1_139' title='bbox 1301 2399 1459 2464; x_wconf 90' lang='lat' dir='ltr'>multaab</span> 
     </span>
     <span class='ocr_line' id='line_1_19' title="bbox 331 2500 1460 2583; baseline -0.002 -17"><span class='ocrx_word' id='word_1_140' title='bbox 331 2503 574 2583; x_wconf 88' lang='lat' dir='ltr'>Harpocratione</span> <span class='ocrx_word' id='word_1_141' title='bbox 597 2505 664 2582; x_wconf 92' lang='lat' dir='ltr'>ipso</span> <span class='ocrx_word' id='word_1_142' title='bbox 687 2502 740 2564; x_wconf 89' lang='lat' dir='ltr'>aut</span> <span class='ocrx_word' id='word_1_143' title='bbox 763 2501 897 2564; x_wconf 89' lang='lat' dir='ltr'>librariis</span> <span class='ocrx_word' id='word_1_144' title='bbox 920 2500 985 2582; x_wconf 88' lang='lat' dir='ltr'>ejus</span> <span class='ocrx_word' id='word_1_145' title='bbox 1009 2501 1122 2564; x_wconf 88' lang='lat' dir='ltr'>omissa</span> <span class='ocrx_word' id='word_1_146' title='bbox 1146 2519 1212 2563; x_wconf 92' lang='lat' dir='ltr'>esse</span> <span class='ocrx_word' id='word_1_147' title='bbox 1247 2518 1344 2580; x_wconf 91' lang='lat' dir='ltr'>neque</span> <span class='ocrx_word' id='word_1_148' title='bbox 1367 2501 1460 2564; x_wconf 88' lang='lat' dir='ltr'>verba</span> 
     </span>
     <span class='ocr_line' id='line_1_20' title="bbox 333 2601 1457 2684; baseline -0.004 -17"><span class='ocrx_word' id='word_1_149' title='bbox 333 2605 517 2684; x_wconf 87' lang='lat' dir='ltr'>scriptorum</span> <span class='ocrx_word' id='word_1_150' title='bbox 544 2604 693 2679; x_wconf 79' lang='lat' dir='ltr'>veterum,</span> <span class='ocrx_word' id='word_1_151' title='bbox 726 2602 764 2664; x_wconf 91' lang='lat' dir='ltr'>ab</span> <span class='ocrx_word' id='word_1_152' title='bbox 788 2601 1030 2682; x_wconf 88' lang='lat' dir='ltr'>Harpocratione</span> <span class='ocrx_word' id='word_1_153' title='bbox 1064 2601 1103 2664; x_wconf 87' lang='lat' dir='ltr'>ad</span> <span class='ocrx_word' id='word_1_154' title='bbox 1133 2602 1260 2664; x_wconf 88' lang='lat' dir='ltr'>verbum</span> <span class='ocrx_word' id='word_1_155' title='bbox 1294 2602 1457 2681; x_wconf 85' lang='lat' dir='ltr'>exscripta,</span> 
     </span>
     <span class='ocr_line' id='line_1_21' title="bbox 332 2702 1460 2787; baseline -0.003 -18"><span class='ocrx_word' id='word_1_156' title='bbox 332 2705 419 2770; x_wconf 90' lang='lat' dir='ltr'>velut</span> <span class='ocrx_word' id='word_1_157' title='bbox 458 2703 635 2768; x_wconf 88' lang='lat' dir='ltr'>Aristotelis</span> <span class='ocrx_word' id='word_1_158' title='bbox 681 2703 718 2766; x_wconf 89' lang='grc'>(10</span> <span class='ocrx_word' id='word_1_159' title='bbox 763 2704 921 2784; x_wconf 88' lang='lat' dir='ltr'>republica</span> <span class='ocrx_word' id='word_1_160' title='bbox 957 2703 1288 2782; x_wconf 78' lang='lat' dir='ltr'>Lacedaemoniorum,</span> <span class='ocrx_word' id='word_1_161' title='bbox 1334 2702 1460 2787; x_wconf 78' lang='lat' dir='ltr'>Didymi</span> 
     </span>
     <span class='ocr_line' id='line_1_22' title="bbox 333 2805 1458 2890; baseline -0.002 -18"><span class='ocrx_word' id='word_1_162' title='bbox 333 2807 535 2886; x_wconf 81' lang='lat' dir='ltr'>Chalcenteri‚</span> <span class='ocrx_word' id='word_1_163' title='bbox 566 2807 689 2890; x_wconf 90' lang='lat' dir='ltr'>integra</span> <span class='ocrx_word' id='word_1_164' title='bbox 720 2806 880 2870; x_wconf 89' lang='lat' dir='ltr'>mansisse.</span> <span class='ocrx_word' id='word_1_165' title='bbox 936 2805 1091 2886; x_wconf 79' lang='lat' dir='ltr'>Quaeres</span> <span class='ocrx_word' id='word_1_166' title='bbox 1123 2825 1190 2872; x_wconf 89' lang='lat' dir='ltr'>curn</span> <span class='ocrx_word' id='word_1_167' title='bbox 1214 2807 1259 2871; x_wconf 89' lang='lat' dir='ltr'>ita</span> <span class='ocrx_word' id='word_1_168' title='bbox 1281 2823 1313 2886; x_wconf 85' lang='lat' dir='ltr'>se</span> <span class='ocrx_word' id='word_1_169' title='bbox 1336 2805 1458 2879; x_wconf 84' lang='lat' dir='ltr'>babeat,</span> 
     </span>
     <span class='ocr_line' id='line_1_23' title="bbox 333 2908 1459 2992; baseline -0.004 -17"><span class='ocrx_word' id='word_1_170' title='bbox 333 2910 608 2976; x_wconf 85' lang='lat' dir='ltr'>Wilamowitzium</span> <span class='ocrx_word' id='word_1_171' title='bbox 638 2910 766 2992; x_wconf 86' lang='lat' dir='ltr'>probare</span> <span class='ocrx_word' id='word_1_172' title='bbox 798 2929 857 2973; x_wconf 92' lang='lat' dir='ltr'>non</span> <span class='ocrx_word' id='word_1_173' title='bbox 889 2928 1024 2990; x_wconf 81' lang='lat' dir='ltr'>possum,</span> <span class='ocrx_word' id='word_1_174' title='bbox 1056 2910 1211 2992; x_wconf 85' lang='lat' dir='ltr'>epitomen</span> <span class='ocrx_word' id='word_1_175' title='bbox 1238 2908 1459 2992; x_wconf 86' lang='lat' dir='ltr'>Harpocratio-</span> 
     </span>
     <span class='ocr_line' id='line_1_24' title="bbox 333 3012 1459 3095; baseline -0.003 -17"><span class='ocrx_word' id='word_1_176' title='bbox 333 3033 422 3078; x_wconf 90' lang='lat' dir='ltr'>neam</span> <span class='ocrx_word' id='word_1_177' title='bbox 446 3016 569 3079; x_wconf 89' lang='lat' dir='ltr'>tanturn</span> <span class='ocrx_word' id='word_1_178' title='bbox 594 3013 801 3090; x_wconf 80' lang='lat' dir='ltr'>adhibentem,</span> <span class='ocrx_word' id='word_1_179' title='bbox 834 3012 1022 3095; x_wconf 88' lang='lat' dir='ltr'>plenioribus</span> <span class='ocrx_word' id='word_1_180' title='bbox 1046 3013 1276 3078; x_wconf 75' lang='lat' dir='ltr'>accensionibus</span> <span class='ocrx_word' id='word_1_181' title='bbox 1299 3013 1459 3094; x_wconf 80' lang='lat' dir='ltr'>neglectis,</span> 
     </span>
     <span class='ocr_line' id='line_1_25' title="bbox 334 3114 1459 3199; baseline -0.004 -19"><span class='ocrx_word' id='word_1_182' title='bbox 334 3117 423 3199; x_wconf 89' lang='lat' dir='ltr'>quasi</span> <span class='ocrx_word' id='word_1_183' title='bbox 444 3117 501 3181; x_wconf 90' lang='lat' dir='ltr'>illa</span> <span class='ocrx_word' id='word_1_184' title='bbox 523 3116 589 3181; x_wconf 92' lang='lat' dir='ltr'>sola</span> <span class='ocrx_word' id='word_1_185' title='bbox 610 3135 792 3198; x_wconf 88' lang='lat' dir='ltr'>germanum</span> <span class='ocrx_word' id='word_1_186' title='bbox 815 3116 1093 3197; x_wconf 84' lang='lat' dir='ltr'>Harpocrationeur</span> <span class='ocrx_word' id='word_1_187' title='bbox 1115 3115 1235 3193; x_wconf 76' lang='lat' dir='ltr'>reddat,</span> <span class='ocrx_word' id='word_1_188' title='bbox 1266 3115 1325 3178; x_wconf 91' lang='lat' dir='ltr'>bae</span> <span class='ocrx_word' id='word_1_189' title='bbox 1349 3114 1459 3196; x_wconf 88' lang='lat' dir='ltr'>dopre-</span> 
     </span>
     <span class='ocr_line' id='line_1_26' title="bbox 333 3219 1459 3302; baseline -0.004 -17"><span class='ocrx_word' id='word_1_190' title='bbox 333 3224 451 3285; x_wconf 85' lang='lat' dir='ltr'>vatum.</span> <span class='ocrx_word' id='word_1_191' title='bbox 497 3220 530 3283; x_wconf 91' lang='lat' dir='ltr'>ln</span> <span class='ocrx_word' id='word_1_192' title='bbox 556 3219 649 3284; x_wconf 86' lang='lat' dir='ltr'>dubio</span> <span class='ocrx_word' id='word_1_193' title='bbox 671 3219 768 3302; x_wconf 90' lang='lat' dir='ltr'>igitur</span> <span class='ocrx_word' id='word_1_194' title='bbox 789 3219 1029 3301; x_wconf 87' lang='lat' dir='ltr'>relinquendum</span> <span class='ocrx_word' id='word_1_195' title='bbox 1051 3221 1108 3298; x_wconf 80' lang='lat' dir='ltr'>est,</span> <span class='ocrx_word' id='word_1_196' title='bbox 1132 3238 1209 3302; x_wconf 91' lang='lat' dir='ltr'>quae</span> <span class='ocrx_word' id='word_1_197' title='bbox 1230 3219 1365 3300; x_wconf 86' lang='lat' dir='ltr'>genuina</span> <span class='ocrx_word' id='word_1_198' title='bbox 1387 3236 1459 3281; x_wconf 93' lang='lat' dir='ltr'>auc·</span> 
     </span>
     <span class='ocr_line' id='line_1_27' title="bbox 333 3322 983 3406; baseline -0.003 -18"><span class='ocrx_word' id='word_1_199' title='bbox 333 3325 410 3388; x_wconf 88' lang='lat' dir='ltr'>toris</span> <span class='ocrx_word' id='word_1_200' title='bbox 433 3323 527 3388; x_wconf 83' lang='lat' dir='ltr'>verba</span> <span class='ocrx_word' id='word_1_201' title='bbox 549 3324 579 3386; x_wconf 91' lang='lat' dir='ltr'>in</span> <span class='ocrx_word' id='word_1_202' title='bbox 603 3323 709 3386; x_wconf 88' lang='lat' dir='ltr'>nostra</span> <span class='ocrx_word' id='word_1_203' title='bbox 731 3323 834 3406; x_wconf 84' lang='lat' dir='ltr'>glossa</span> <span class='ocrx_word' id='word_1_204' title='bbox 856 3322 983 3388; x_wconf 86' lang='lat' dir='ltr'>fuerint.</span> 
     </span>
    </p>

    <p class='ocr_par' dir='ltr' id='par_1_5' title="bbox 332 3425 1461 4023">
     <span class='ocr_line' id='line_1_28' title="bbox 437 3425 1459 3508; baseline -0.005 -18"><span class='ocrx_word' id='word_1_205' title='bbox 437 3425 535 3504; x_wconf 76' lang='lat' dir='ltr'>Quam</span> <span class='ocrx_word' id='word_1_206' title='bbox 561 3425 599 3489; x_wconf 96' lang='lat' dir='ltr'>ob</span> <span class='ocrx_word' id='word_1_207' title='bbox 622 3443 687 3488; x_wconf 88' lang='lat' dir='ltr'>rem</span> <span class='ocrx_word' id='word_1_208' title='bbox 711 3425 788 3490; x_wconf 89' lang='lat' dir='ltr'>alios</span> <span class='ocrx_word' id='word_1_209' title='bbox 811 3425 1042 3508; x_wconf 82' lang='lat' dir='ltr'>lexicograpbos</span> <span class='ocrx_word' id='word_1_210' title='bbox 1066 3426 1097 3489; x_wconf 95' lang='lat' dir='ltr'>et</span> <span class='ocrx_word' id='word_1_211' title='bbox 1120 3425 1303 3489; x_wconf 87' lang='lat' dir='ltr'>scholiastes</span> <span class='ocrx_word' id='word_1_212' title='bbox 1318 3442 1459 3506; x_wconf 90' lang='lat' dir='ltr'>perscru-</span> 
     </span>
     <span class='ocr_line' id='line_1_29' title="bbox 333 3525 1457 3610; baseline -0.002 -20"><span class='ocrx_word' id='word_1_213' title='bbox 333 3529 444 3590; x_wconf 90' lang='lat' dir='ltr'>temur.</span> <span class='ocrx_word' id='word_1_214' title='bbox 491 3527 619 3592; x_wconf 84' lang='lat' dir='ltr'>Glossae</span> <span class='ocrx_word' id='word_1_215' title='bbox 642 3528 699 3592; x_wconf 82' lang='lat' dir='ltr'>lex.</span> <span class='ocrx_word' id='word_1_216' title='bbox 724 3529 812 3593; x_wconf 88' lang='lat' dir='ltr'>Dem.</span> <span class='ocrx_word' id='word_1_217' title='bbox 836 3529 937 3593; x_wconf 86' lang='lat' dir='ltr'>Patrn.</span> <span class='ocrx_word' id='word_1_218' title='bbox 963 3549 992 3610; x_wconf 92' lang='lat' dir='ltr'>p.</span> <span class='ocrx_word' id='word_1_219' title='bbox 1018 3527 1079 3591; x_wconf 79' lang='lat'>142</span> <span class='ocrx_word' id='word_1_220' title='bbox 1104 3529 1122 3610; x_wconf 61' lang='grc' dir='ltr'>ξ</span> <span class='ocrx_word' id='word_1_221' title='bbox 1149 3529 1220 3607; x_wconf 73' lang='lat' dir='ltr'>llo,</span> <span class='ocrx_word' id='word_1_222' title='bbox 1246 3527 1303 3592; x_wconf 86' lang='lat' dir='ltr'>lex.</span> <span class='ocrx_word' id='word_1_223' title='bbox 1328 3526 1397 3609; x_wconf 85' lang='lat' dir='ltr'>Sag.</span> <span class='ocrx_word' id='word_1_224' title='bbox 1420 3525 1457 3589; x_wconf 91' lang='lat' dir='ltr'>V.</span> 
     </span>
     <span class='ocr_line' id='line_1_30' title="bbox 334 3629 1461 3716; baseline 0 -25"><span class='ocrx_word' id='word_1_225' title='bbox 334 3629 408 3694; x_wconf 76' lang='lat'>245.</span> <span class='ocrx_word' id='word_1_226' title='bbox 432 3629 462 3704; x_wconf 81' lang='grc'>6,</span> <span class='ocrx_word' id='word_1_227' title='bbox 486 3630 577 3694; x_wconf 92' lang='lat' dir='ltr'>Pbot.</span> <span class='ocrx_word' id='word_1_228' title='bbox 601 3649 624 3694; x_wconf 89' lang='lat' dir='ltr'>s.</span> <span class='ocrx_word' id='word_1_229' title='bbox 649 3650 678 3694; x_wconf 92' lang='lat' dir='ltr'>v.</span> <span class='ocrx_word' id='word_1_230' title='bbox 703 3630 833 3712; x_wconf 71' lang='grc' dir='ltr'>εὐθύνα,</span> <span class='ocrx_word' id='word_1_231' title='bbox 860 3631 944 3695; x_wconf 86' lang='lat' dir='ltr'>Suid.</span> <span class='ocrx_word' id='word_1_232' title='bbox 969 3650 991 3693; x_wconf 89' lang='lat' dir='ltr'>s.</span> <span class='ocrx_word' id='word_1_233' title='bbox 1017 3651 1046 3694; x_wconf 88' lang='lat' dir='ltr'>v.</span> <span class='ocrx_word' id='word_1_234' title='bbox 1071 3630 1203 3716; x_wconf 71' lang='lat' dir='ltr'>obtrusa,</span> <span class='ocrx_word' id='word_1_235' title='bbox 1233 3631 1344 3712; x_wconf 91' lang='lat' dir='ltr'>quibus</span> <span class='ocrx_word' id='word_1_236' title='bbox 1368 3629 1461 3692; x_wconf 89' lang='lat' dir='ltr'>etiam</span> 
     </span>
     <span class='ocr_line' id='line_1_31' title="bbox 332 3732 1458 3816; baseline 0 -20"><span class='ocrx_word' id='word_1_237' title='bbox 332 3732 467 3797; x_wconf 89' lang='lat' dir='ltr'>Michael</span> <span class='ocrx_word' id='word_1_238' title='bbox 490 3732 650 3814; x_wconf 75' lang='lat' dir='ltr'>Psellus²l</span> <span class='ocrx_word' id='word_1_239' title='bbox 676 3733 713 3796; x_wconf 90' lang='lat' dir='ltr'>de</span> <span class='ocrx_word' id='word_1_240' title='bbox 736 3733 892 3797; x_wconf 91' lang='lat' dir='ltr'>actionum</span> <span class='ocrx_word' id='word_1_241' title='bbox 916 3733 1089 3798; x_wconf 91' lang='lat' dir='ltr'>nominibus</span> <span class='ocrx_word' id='word_1_242' title='bbox 1113 3752 1178 3814; x_wconf 88' lang='lat' dir='ltr'>cap.</span> <span class='ocrx_word' id='word_1_243' title='bbox 1203 3735 1222 3795; x_wconf 91' lang='lat'>5</span> <span class='ocrx_word' id='word_1_244' title='bbox 1246 3732 1458 3816; x_wconf 86' lang='lat' dir='ltr'>adjungendus</span> 
     </span>
     <span class='ocr_line' id='line_1_32' title="bbox 334 3835 1457 3920; baseline 0.002 -24"><span class='ocrx_word' id='word_1_245' title='bbox 334 3835 392 3916; x_wconf 80' lang='lat' dir='ltr'>est,</span> <span class='ocrx_word' id='word_1_246' title='bbox 416 3835 455 3898; x_wconf 88' lang='lat' dir='ltr'>ad</span> <span class='ocrx_word' id='word_1_247' title='bbox 477 3835 604 3898; x_wconf 87' lang='lat' dir='ltr'>eandem</span> <span class='ocrx_word' id='word_1_248' title='bbox 628 3835 759 3899; x_wconf 89' lang='lat' dir='ltr'>formam</span> <span class='ocrx_word' id='word_1_249' title='bbox 783 3835 921 3912; x_wconf 90' lang='lat' dir='ltr'>redeunt,</span> <span class='ocrx_word' id='word_1_250' title='bbox 946 3854 1023 3918; x_wconf 88' lang='lat' dir='ltr'>quae</span> <span class='ocrx_word' id='word_1_251' title='bbox 1046 3835 1120 3899; x_wconf 93' lang='lat' dir='ltr'>baec</span> <span class='ocrx_word' id='word_1_252' title='bbox 1143 3835 1206 3899; x_wconf 88' lang='lat' dir='ltr'>fere</span> <span class='ocrx_word' id='word_1_253' title='bbox 1228 3835 1304 3900; x_wconf 85' lang='lat' dir='ltr'>fuit:</span> <span class='ocrx_word' id='word_1_254' title='bbox 1338 3835 1457 3920; x_wconf 72' lang='lat' dir='ltr'>abitura</span> 
     </span>
     <span class='ocr_line' id='line_1_33' title="bbox 333 3934 1458 4023; baseline 0.004 -26"><span class='ocrx_word' id='word_1_255' title='bbox 333 3934 445 4018; x_wconf 75' lang='grc' dir='ltr'>κυρίως</span> <span class='ocrx_word' id='word_1_256' title='bbox 476 3937 516 4020; x_wconf 75' lang='grc' dir='ltr'>ἣν</span> <span class='ocrx_word' id='word_1_257' title='bbox 548 3937 771 4020; x_wconf 64' lang='grc' dir='ltr'><strong>000γο11001</strong></span> <span class='ocrx_word' id='word_1_258' title='bbox 803 3937 948 4022; x_wconf 82' lang='grc' dir='ltr'>λογισταὶ</span> <span class='ocrx_word' id='word_1_259' title='bbox 978 3940 1053 4022; x_wconf 81' lang='grc' dir='ltr'>πρὸς</span> <span class='ocrx_word' id='word_1_260' title='bbox 1077 3940 1147 4014; x_wconf 87' lang='grc' dir='ltr'>τοὺς</span> <span class='ocrx_word' id='word_1_261' title='bbox 1170 3937 1318 4016; x_wconf 78' lang='grc' dir='ltr'>δόξαντας</span> <span class='ocrx_word' id='word_1_262' title='bbox 1342 3941 1385 4023; x_wconf 75' lang='lat' dir='ltr'>po</span> <span class='ocrx_word' id='word_1_263' title='bbox 1409 3939 1458 4022; x_wconf 84' lang='grc' dir='ltr'>ὀρ-</span> 
     </span>
    </p>
   </div>
   <div class='ocr_carea' id='block_1_5' title="bbox 336 4139 594 4150">
    <p class='ocr_par' dir='ltr' id='par_1_6' title="bbox 336 4139 594 4150">
     <span class='ocr_line' id='line_1_34' title="bbox 336 4139 594 4150; baseline 0.012 -2"><span class='ocrx_word' id='word_1_264' title='bbox 336 4139 594 4150; x_wconf 71' lang='grc'>---</span> 
     </span>
    </p>
   </div>
   <div class='ocr_carea' id='block_1_6' title="bbox 438 4287 981 4363">
    <p class='ocr_par' dir='ltr' id='par_1_7' title="bbox 438 4287 981 4363">
     <span class='ocr_line' id='line_1_35' title="bbox 438 4287 981 4363; baseline 0.004 -17"><span class='ocrx_word' id='word_1_265' title='bbox 438 4294 464 4358; x_wconf 92' lang='grc'>1)</span> <span class='ocrx_word' id='word_1_266' title='bbox 483 4293 609 4346; x_wconf 89' lang='lat' dir='ltr'>Hermes.</span> <span class='ocrx_word' id='word_1_267' title='bbox 628 4287 713 4346; x_wconf 92' lang='lat' dir='ltr'>XVll.</span> <span class='ocrx_word' id='word_1_268' title='bbox 736 4293 809 4348; x_wconf 79' lang='lat'>1882.</span> <span class='ocrx_word' id='word_1_269' title='bbox 828 4309 852 4362; x_wconf 87' lang='lat' dir='ltr'>p.</span> <span class='ocrx_word' id='word_1_270' title='bbox 874 4296 924 4348; x_wconf 85' lang='lat'>148</span> <span class='ocrx_word' id='word_1_271' title='bbox 941 4309 981 4363; x_wconf 85' lang='lat' dir='ltr'>sq.</span> 
     </span>
    </p>
   </div>
   <div class='ocr_carea' id='block_1_7' title="bbox 332 4395 1457 4548">
    <p class='ocr_par' dir='ltr' id='par_1_8' title="bbox 332 4395 1457 4548">
     <span class='ocr_line' id='line_1_36' title="bbox 377 4395 1457 4534; baseline 0.006 -87"><span class='ocrx_word' id='word_1_272' title='bbox 377 4395 464 4534; x_wconf 52' lang='lat'>10072)</span> <span class='ocrx_word' id='word_1_273' title='bbox 483 4395 665 4462; x_wconf 86' lang='lat' dir='ltr'>Petrologiae</span> <span class='ocrx_word' id='word_1_274' title='bbox 687 4411 806 4463; x_wconf 89' lang='lat' dir='ltr'>graecae</span> <span class='ocrx_word' id='word_1_275' title='bbox 833 4413 933 4453; x_wconf 87' lang='lat' dir='ltr'>cursus</span> <span class='ocrx_word' id='word_1_276' title='bbox 961 4400 1118 4467; x_wconf 89' lang='lat' dir='ltr'>completus</span> <span class='ocrx_word' id='word_1_277' title='bbox 1137 4401 1179 4455; x_wconf 89' lang='lat' dir='ltr'>ed.</span> <span class='ocrx_word' id='word_1_278' title='bbox 1209 4401 1311 4469; x_wconf 84' lang='lat' dir='ltr'>Migne.</span> <span class='ocrx_word' id='word_1_279' title='bbox 1348 4401 1457 4456; x_wconf 73' lang='grc'><strong>’1.121.</strong></span> 
     </span>
     <span class='ocr_line' id='line_1_37' title="bbox 332 4494 507 4548; baseline -0.006 -14"><span class='ocrx_word' id='word_1_280' title='bbox 332 4496 358 4548; x_wconf 94' lang='lat' dir='ltr'>p.</span> <span class='ocrx_word' id='word_1_281' title='bbox 467 4494 507 4548; x_wconf 85' lang='lat' dir='ltr'>sq.</span> 
     </span>
    </p>
   </div>
   <div class='ocr_carea' id='block_1_8' title="bbox 0 0 1709 5268">
    <p class='ocr_par' dir='ltr' id='par_1_9' title="bbox 0 0 1709 5268">
     <span class='ocr_line' id='line_1_38' title="bbox 0 0 1709 5268; baseline 0 0"><span class='ocrx_word' id='word_1_282' title='bbox 0 0 1709 5268; x_wconf 95' lang='lat' dir='ltr'> </span> 
     </span>
    </p>
   </div>
  </div>
 </body>
</html>
