3396 5278
772 533 833 595 115

230 740 326 803 etiam
359 738 576 829 propagatum
599 739 655 802 est.
710 737 747 800 In
775 737 884 819 primis
914 722 974 801 lex]
998 735 1067 819 Seg.
1103 735 1146 798 lV
1177 735 1299 818 glossae
1331 734 1359 798 ei

233 841 417 908 utilissimae
441 840 481 905 ad
503 841 676 922 fragmenta
698 840 790 905 lesioi
813 839 981 905 anoiliani
1004 838 1139 905 eruenda
1169 837 1252 903 visae
1276 840 1359 910 sunt,

230 947 264 1010 et
286 964 356 1009 eum
380 945 518 1026 aliquam
541 944 781 1010 similitudinem
803 945 883 1010 inter
903 943 1021 1010 scholia
1043 941 1186 1026 Gregorii
1208 941 1359 1007 Corinthii

231 1050 265 1113 et
295 1047 414 1128 glossas
447 1046 571 1125 Suidao,
604 1047 891 1129 lexicographorum
923 1043 1232 1128 SeguerianorumV
1263 1045 1294 1108 et
1316 1043 1361 1108 lV

231 1150 522 1228 animaduertisset,
560 1149 835 1228 inconsideratius,
868 1167 961 1231 quam
994 1148 1131 1226 decebat,
1164 1147 1258 1212 etiam
1289 1145 1359 1210 inde

234 1255 315 1319 bona
331 1254 507 1318 Caeciliana
524 1273 556 1318 se
570 1253 831 1336 locupletaturum
849 1272 915 1318 esse
931 1253 1077 1336 speravit.
1101 1252 1168 1316 lam
1178 1249 1359 1333 Stojentin¹)

233 1358 265 1421 in
289 1357 397 1421 subtili
419 1357 493 1421 libri
517 1357 704 1441 Boyseniani
726 1375 855 1422 censura
877 1375 940 1435 eos,
971 1356 1025 1438 qui
1047 1357 1101 1420 has
1125 1373 1174 1418 res
1196 1353 1358 1418 tractatur

232 1460 315 1538 sunt,
355 1460 431 1524 satis
455 1461 559 1542 aperte
590 1461 720 1540 monuit,
755 1479 792 1525 ne
824 1479 913 1542 porro
945 1459 1060 1524 talibus
1092 1459 1125 1522 iu
1156 1457 1279 1540 seriptis
1312 1456 1359 1520 ni·

232 1565 382 1627 terentur.
426 1563 544 1628 Tamen
568 1563 710 1628 Wentuel
733 1565 826 1628 verbe
849 1563 1073 1646 Stojentiniana
1096 1563 1150 1628 aut
1164 1558 1361 1644 neglegentia

234 1667 395 1746 praeteriit
418 1669 472 1731 aut
494 1666 655 1750 neglegere
678 1667 785 1732 voluit.
832 1666 864 1732 Si
883 1667 965 1731 enim
981 1665 1098 1731 sobolia
1114 1663 1360 1746 Hermogeniana

232 1785 306 1832 oum
328 1771 476 1852 opusculo
499 1770 596 1836 Pselli
620 1779 837 1853 comparasset,
862 1790 932 1835 eum
948 1787 1117 1852 numquam
1132 1765 1361 1833 affirmaturum

234 1871 329 1936 luisse
361 1872 468 1951 oredo,
512 1871 695 1955 Gregorium
728 1873 921 1938 Corinthium
953 1873 1051 1937 lenioo
1084 1870 1271 1955 Segueriano
1305 1867 1357 1941 lV,

233 1973 325 2054 quale
348 1973 439 2039 hodie
463 1977 604 2052 exstaret,
628 1976 649 2040 i.
673 1995 699 2042 e.
722 1977 834 2060 glossis
849 1977 907 2041 lex.
925 1975 1041 2058 Seg.V
1063 1973 1247 2056 interpolato
1271 1989 1361 2036 usum

234 2095 311 2140 esse.
356 2077 436 2141 Mihi
459 2079 585 2161 quidem
609 2080 762 2164 Stojentin
777 2081 847 2145 luoe
865 2081 976 2144 elarius
989 2079 1152 2162 persuasit,
1177 2077 1361 2162 Gregorium

235 2177 430 2245 Corinthium
453 2183 492 2246 ad
514 2202 605 2248 voees
628 2185 684 2246 καὶ
698 2183 719 2268 ἡ
735 2183 921 2268 εἰσαγγελία
945 2183 1037 2268 καὶὴ
1054 2183 1147 2266 φάσις
1163 2182 1360 2264 explicandas

238 2285 373 2348 libellum
399 2287 490 2348 Pselli
515 2307 531 2350 a
548 2286 568 2372 ξ
584 2292 607 2352 4
626 2288 781 2370 usquead
805 2288 823 2370 ᾗ
838 2289 875 2354 21
897 2287 936 2351 ad
952 2288 1080 2368 verbum
1095 2287 1361 2367 transscripsisse,

234 2387 358 2451 omissis
381 2387 504 2453 tanturn
528 2390 636 2472 primis
660 2391 678 2474 ξ
700 2392 721 2453 1
743 2391 855 2468 verbis,
878 2391 950 2474 quia
965 2390 1255 2472 interpretationem
1277 2387 1361 2452 uoois

234 2489 419 2574 εἰσαγγελία
435 2492 513 2556 nihil
529 2493 718 2576 adjuvarent,
741 2496 773 2559 to
790 2513 808 2559 a
823 2496 841 2578 ᾗ
857 2495 886 2574 5,
903 2494 975 2577 quia
991 2491 1191 2578 εἰσαγγελίαν
1208 2493 1239 2556 et
1255 2490 1359 2575 potuer,

233 2611 313 2674 quae
337 2593 484 2677 Gregorio
508 2596 665 2663 Corinthio
687 2599 846 2680 inprimis
869 2597 1077 2682 explanandae
1101 2600 1211 2676 essent,
1236 2595 1357 2680 εὐθὺνη

237 2698 491 2780 interrumperet,
525 2701 653 2784 denique
684 2703 773 2769 initio
809 2703 827 2786 ᾗ
860 2702 891 2778 9,
923 2721 982 2785 quo
1015 2701 1117 2784 agitur
1148 2702 1186 2767 de
1208 2700 1360 2776 tribubus,

237 2803 337 2886 pagis,
360 2804 505 2886 phratriis
528 2806 641 2884 atticis,
675 2805 863 2890 adrogorio
887 2805 1044 2870 Corinthio
1076 2806 1188 2887 spreto,
1221 2805 1293 2886 quia
1325 2804 1362 2868 de

236 2907 339 2970 oausis
377 2909 497 2972 tantum
537 2909 641 2974 atticis
679 2928 819 2974 enarrare
857 2908 1089 2992 decrevisset²).
1148 2909 1286 2972 Eandem
1323 2907 1361 2972 ob

238 3027 365 3074 oausam
389 3029 465 3092 opus
487 3011 730 3076 transsoribendi
752 3014 872 3078 claudit
893 3032 966 3079 vooe
989 3010 1157 3098 ἐπωβελίας
1186 3030 1257 3075 nam
1280 3010 1363 3093 apud

239 3111 332 3177 Miob.
357 3114 497 3178 Psellum
519 3117 591 3196 post
612 3118 691 3180 bano
714 3116 972 3198 significationem
993 3115 1147 3198 legimus:
1171 3115 1287 3199 τὰμὲν
1309 3115 1362 3178 οῦν

238 3223 300 3280 τῶν
322 3217 416 3281 δικῶν
438 3217 577 3302 ὀνόματα
601 3219 713 3304 σχεδὸν
746 3203 886 3284 τοιαῦτα.
934 3220 1095 3302 Eligamus
1126 3220 1271 3298 insuper,
1303 3219 1363 3282 etsi

237 3337 299 3383 non
331 3338 407 3402 opus
439 3322 503 3399 est,
538 3323 662 3404 quasvis
694 3323 862 3404 particulas
894 3341 911 3388 e
942 3323 1050 3404 prima,
1085 3321 1194 3399 media,
1228 3321 1364 3384 extrema

238 3423 399 3506 utriusque
431 3426 504 3492 libri
535 3428 684 3508 partibus.
737 3426 802 3491 Iam
836 3427 868 3490 in
900 3428 1059 3491 aeternum
1090 3424 1207 3490 scholia
1237 3424 1294 3488 illa
1324 3424 1362 3488 ab

238 3527 367 3610 antiqua
390 3529 528 3594 doctrina
551 3530 740 3594 alienissima
763 3549 779 3595 e
803 3530 957 3595 similibus
980 3528 1242 3612 disputationibus
1258 3527 1363 3592 evani-

238 3630 310 3695 tura
331 3650 399 3696 esse
421 3651 517 3715 spero.

241 3887 497 3897 —·-——

345 4076 372 4142 1)
390 4074 471 4129 dhbb.
491 4075 536 4127 fiir
553 4074 654 4128 Philol.
678 4073 732 4127 119.
753 4073 819 4126 1819
837 4087 863 4140 p.
883 4071 941 4126 120.

343 4181 370 4245 2)
392 4179 475 4246 Greg.
495 4177 557 4232 (lor.
578 4179 619 4233 ed.
639 4178 727 4232 Wulz.
747 4177 797 4230 Rh.
817 4193 858 4246 gr.
878 4177 935 4232 Vll.
954 4192 979 4245 p.
1000 4175 1075 4229 1119.
1095 4173 1111 4225 9
1130 4173 1187 4226 ἐπεὶ
1206 4174 1236 4225 δὲ
1255 4175 1270 4226 ὁ
1288 4173 1368 4241 λόγος

241 4265 301 4334 περὶ
318 4270 370 4317 τῶν
387 4266 459 4332 παρὰ
477 4262 603 4324 Ἀττικοῖς
629 4264 714 4330 δικῶν,
744 4264 790 4315 οὐκ
819 4262 926 4331 ἄκαιρον
956 4262 997 4314 καί
1024 4260 1110 4313 ἄλλων
1139 4265 1215 4312 τινῶν
1241 4258 1365 4312 τοιούτων

241 4352 377 4415 ὀνομάτων
395 4352 593 4420 ἐπιμνησθῆναι.

1180 4549 1212 4602 ,-
