3408 5276
671 1515 820 1636 Caput
848 1517 874 1610 Ι.

214 1653 453 1810 Fontem
464 1725 649 1828 partis
664 1726 1007 1829 posterioris
1020 1725 1201 1814 libelli
1212 1731 1334 1816 Ari-

215 1843 444 1931 stotelei
465 1846 534 1931 de
553 1845 866 1949 Republica
887 1846 1333 1935 Atheniensium

212 1980 329 2051 non
356 1963 657 2052 Atthidem
690 1984 877 2072 neque
910 1969 1094 2054 ullum
1120 1967 1334 2056 librum

212 2084 423 2170 litteris
435 2085 653 2172 editum
667 2087 851 2173 fuisse
866 2089 1336 2194 sedlegesipsae,

628 2206 921 2310 probatur.

311 2408 396 2473 Inter
419 2427 524 2474 omnes
547 2411 677 2490 constat,
710 2411 912 2476 Aristotelem
943 2412 976 2476 in
1006 2412 1106 2494 priore
1138 2411 1187 2476 sui
1215 2411 1253 2477 de
1275 2413 1335 2476 Ro-

211 2511 335 2592 publioe
356 2511 596 2579 Atheniensium
618 2513 717 2580 libelli
732 2516 820 2597 parto
835 2514 977 2595 Atthide,
1002 2534 1080 2598 quae
1103 2515 1225 2594 dieitur,
1248 2515 1333 2580 fonte

211 2614 363 2680 uberrime
385 2636 476 2682 usum
498 2635 575 2682 esse.
620 2617 777 2697 Eiusdem,
801 2619 850 2684 rel
873 2619 985 2699 dicam,
1016 2620 1118 2688 multo
1140 2618 1266 2702 maJ'oris
1288 2620 1337 2684 est

211 2719 375 2798 momenti,
407 2720 440 2784 in
462 2720 631 2802 posteriore
656 2721 749 2786 huius
772 2725 872 2805 operis
895 2724 984 2805 parte
1015 2725 1105 2806 leues
1137 2740 1155 2786 a
1186 2722 1336 2803 scriptore

211 2823 250 2888 ud
287 2823 520 2890 describendum
557 2826 743 2909 reipublicae
775 2828 901 2906 statum,
939 2827 1040 2909 quahs
1074 2826 1143 2890 tum
1174 2827 1265 2902 esset,
1304 2825 1336 2888 in

210 2947 302 2994 usum
325 2929 454 2995 collatas
476 2949 554 2996 esse.
599 2929 688 3010 Quod
709 2932 874 3014 utrumque
897 2929 1156 2996 demonstravisse
1171 2931 1212 3009 et,
1236 2946 1334 3012 quon-

210 3033 277 3098 tum
299 3033 331 3098 id
353 3033 472 3098 ualeret
494 3033 533 3098 ad
556 3034 783 3099 enarrationem
804 3033 1027 3098 Aristoteleam
1058 3032 1142 3098 reete
1169 3032 1335 3098 aestiman-

211 3136 292 3214 dum,
324 3137 409 3202 certa
437 3137 556 3202 ratione
587 3137 763 3204 definivisse
785 3136 992 3204 Wilamouitz
1025 3136 1087 3202 sibi
1119 3154 1239 3203 summo
1265 3134 1336 3218 juro

211 3240 316 3305 honori
339 3240 450 3306 duoore
472 3241 584 3323 potest.

313 3343 376 3408 Lex
399 3343 517 3429 [Dem]
541 3342 592 3407 43.
616 3342 658 3407 75
693 3345 821 3427 inserta,
853 3362 914 3426 quo
936 3361 1063 3408 munera
1085 3341 1239 3406 orohontis
1262 3358 1337 3422 epo·

212 3447 298 3532 nymi
320 3446 543 3525 deseribuntur,
568 3447 756 3530 quantopere
776 3465 847 3511 oum
862 3446 992 3510 Aristot.
1008 3444 1139 3528 Repuhl.
1162 3443 1276 3508 Athen.
1293 3443 1336 3505 56

210 3547 243 3614 in
265 3551 373 3633 primis
396 3550 453 3614 suh
476 3548 572 3614 finem
594 3549 704 3633 eapitis
720 3549 880 3633 congruat,
903 3565 993 3613 nemo
1009 3548 1065 3626 est,
1090 3546 1165 3629 quin
1180 3545 1285 3611 videat
1299 3545 1335 3626 ¹).

325 3720 639 3808 mmmmn
772 3720 776 3854 μ
950 3719 1175 3785 nmmz

212 3873 229 3938 ὁ
252 3877 358 3961 ἄρχων
380 3873 593 3960 ἐπιμελείσθω
616 3883 678 3940 τῶν
700 3875 750 3958 ὀρ·
795 3873 989 3959 ἐπιμελεῖται
1006 3871 1050 3942 ,δὲ
1074 3873 1130 3935 καὶ
1151 3877 1214 3934 τῶν
1239 3869 1333 3954 ὀρφα-

212 3986 318 4060 uaros
341 3981 396 4041 καὶ
418 3987 479 4042 τῶν
495 3976 673 4062 ἐπικλήρων
695 3980 750 4041 καὶ
795 3987 854 4042 νῶν
877 3979 1016 4040 καὶτῶν
1039 3973 1219 4058 ἐπικλήρων

212 4087 275 4146 τῶν
297 4082 391 4145 οἴκων
413 4088 475 4145 τῶν
495 4079 748 4165 ἐξερημουμένων

215 4346 220 4354 ’
316 4355 343 4420 1)
361 4353 400 4408 of.
419 4355 617 4419 Wilamowitu,
634 4353 753 4409 Aristot.
773 4354 831 4408 und
847 4353 950 4407 Athen
969 4351 989 4406 1.
1007 4366 1033 4420 p.
1051 4349 1112 4405 259.

315 4439 344 4502 2)
364 4437 461 4509 [Deml
480 4442 520 4494 35.
539 4439 574 4490 48
592 4439 684 4496 offloia
701 4439 845 4494 erohontis
863 4439 906 4493 sio
922 4439 952 4493 in
970 4437 1065 4494 ertum
1087 4435 1218 4504 eollegit:
1245 4433 1337 4485 οὐκοῦν

213 4523 360 4595 ἐπικλήρων
378 4525 420 4577 καὶ
438 4528 560 4593 ὀρφανῶν
577 4525 619 4577 καὶ
636 4524 733 4577 τοκέων
750 4527 791 4592 τῷ
806 4522 913 4593 ἄρχοντι
930 4522 1119 4590 πραςιὲτακται
1137 4518 1335 4585 eruthraeae

1192 4624 1206 4674 l
