3408 5276
872 533 918 598 VI

794 623 1000 632 .—.——..-.

338 739 478 804 accessit.
523 737 580 803 Cui
603 757 674 803 eum
696 756 756 803 noo
780 756 886 803 omnes
909 738 1033 822 glossae
1058 738 1152 804 simul
1174 740 1245 804 ante
1267 739 1372 805 oculos
1395 757 1465 805 ver-

338 841 423 906 satae
445 841 548 906 essent
569 859 667 923 neque
690 840 770 904 hanc
792 841 980 922 peculiarem
1004 841 1217 923 quaestionem
1237 841 1370 906 tractare
1392 860 1465 924 pro-

336 945 473 1027 positum
496 943 587 1022 esset,
618 962 684 1007 rem
715 944 793 1008 bene
816 943 992 1009 incohatam
1015 963 1112 1027 usque
1140 944 1294 1010 adfinem
1318 945 1354 1009 ut
1375 962 1465 1028 pera·

335 1049 432 1130 geret,
457 1064 517 1112 non
533 1045 673 1129 contigit.
706 1045 915 1112 Wilamonitz
928 1046 955 1131 ¹)
980 1047 1111 1130 denique
1127 1048 1327 1131 sagacissime
1344 1048 1376 1112 et
1391 1063 1464 1112 con·

336 1149 442 1215 silium
478 1150 510 1214 et
545 1149 645 1216 fontes
682 1151 714 1215 et
750 1151 968 1215 auctoritatem
1008 1150 1104 1217 totius
1145 1151 1246 1233 operis
1283 1149 1464 1216 Aristotelei

335 1253 546 1336 perscrutatus
568 1253 625 1318 est.
671 1253 780 1336 Neque
804 1254 921 1338 opinor,
957 1273 1034 1337 quae
1057 1255 1227 1320 sententias
1249 1253 1298 1319 uir
1320 1253 1463 1320 doctissi-

335 1375 405 1422 mus
427 1355 465 1421 de
487 1357 587 1438 priore
609 1359 698 1440 parte
721 1357 896 1439 protulerit,
927 1355 1110 1423 labefactari
1132 1376 1232 1442 posse.
1276 1357 1338 1423 Sed
1361 1357 1464 1423 studio

335 1458 476 1524 Atthidis
498 1459 584 1524 illius
607 1479 644 1525 ex
666 1460 836 1526 Aristotele
858 1461 1068 1530 restituendae
1084 1461 1232 1538 incitatus
1248 1461 1305 1539 est,
1328 1460 1364 1526 ut
1384 1460 1464 1525 hanc

334 1562 418 1628 ultra
439 1561 516 1628 fines
538 1562 701 1647 indagaret
724 1565 816 1646 atque
835 1563 930 1628 etiam
945 1565 977 1628 in
994 1565 1163 1647 posteriore
1182 1565 1268 1648 parte
1283 1564 1462 1646 requireret.

335 1665 392 1731 (lui
423 1666 560 1749 opinioni
591 1685 661 1731 cum
694 1666 837 1750 equidem
859 1669 1001 1734 assentiri
1028 1686 1089 1733 non
1111 1667 1239 1752 possim,
1270 1665 1462 1749 Schoffero²)

334 1788 395 1834 non
419 1769 594 1850 concedam,
618 1767 858 1851 disputationem
879 1770 916 1836 de
938 1773 1066 1851 ratione,
1090 1790 1167 1854 quae
1189 1769 1361 1836 intercedet
1382 1769 1464 1835 inter

334 1871 536 1940 Aristotelem
567 1875 598 1937 et
629 1871 861 1956 lexicographos
885 1893 1022 1958 graecos,
1045 1875 1224 1940 institutam
1247 1872 1371 1956 majoris
1395 1891 1462 1938 esse

334 1974 484 2064 momenti
506 1974 545 2038 ad
566 1973 622 2040 hos
645 1975 872 2060 pernoscendae
895 1995 987 2060 quam
1010 1976 1050 2041 ad
1073 1976 1174 2040 illum.
1219 1975 1253 2042 Si
1278 1977 1360 2042 enim
1392 1993 1463 2040 sen-

234 2153 236 2158 ,
333 2078 431 2142 tentia
463 2075 753 2159 Wilamonitziana
792 2080 995 2146 Aristotelem
1027 2081 1057 2144 in
1092 2081 1191 2146 altera
1222 2098 1343 2164 quoque
1375 2079 1463 2161 parte

333 2180 413 2246 libro
434 2179 548 2248 litteris
579 2182 663 2249 edito
687 2201 779 2250 usum
801 2203 878 2264 esse,
911 2187 992 2250 stare
1024 2203 1083 2250 non
1107 2184 1207 2268 possit
1228 2185 1260 2250 et
1281 2202 1388 2249 verum
1411 2181 1462 2260 stt,

333 2286 489 2376 auctorem
512 2285 551 2350 ad
573 2286 673 2352 fontes
703 2287 930 2370 integerrimos,
961 2289 1047 2373 leges
1078 2289 1172 2372 ipsas,
1204 2307 1371 2367 recurrere,
1403 2285 1463 2352 hoc

333 2389 447 2454 summi
470 2408 537 2454 esse
568 2392 717 2458 momenti
748 2391 788 2456 ad
811 2391 1029 2470 auctoritatem
1054 2391 1195 2474 opusculi
1221 2391 1307 2474 juste
1329 2408 1461 2474 perpen-

334 2491 467 2556 dendam
490 2511 579 2559 nemo
602 2493 659 2572 est,
692 2495 745 2576 qui
776 2493 908 2576 ignoret.
953 2495 1069 2560 Eadem
1092 2493 1266 2558 observatio
1293 2491 1376 2556 haud
1399 2492 1462 2554 scio

333 2613 371 2658 an
403 2592 536 2676 adjuret,
569 2594 605 2658 ut
630 2596 775 2662 contorta
805 2595 862 2660 illa
885 2596 922 2660 de
946 2595 1082 2660 lontibus
1105 2593 1252 2672 Pollucis,
1285 2593 1462 2675 Harpocra-

332 2695 448 2776 tionis‚
482 2693 650 2764 lexicorum
687 2697 875 2765 rheticorum
903 2700 1053 2782 quaestio
1088 2697 1265 2781 paullulum
1298 2697 1460 2762 enodetur.

332 2799 524 2884 Quicumque
548 2802 631 2870 enim
654 2802 784 2868 antehac
807 2803 868 2868 sibi
889 2802 945 2868 has
968 2822 1016 2868 res
1038 2801 1259 2887 perquirendas
1282 2801 1460 2884 elegerunt:

332 2903 536 2989 S.tojentin³)‚
568 2905 737 2992 Boysen¹)‚
771 2905 902 2991 Cohn⁶)‚
936 2905 999 2986 alii,
1031 2905 1089 2972 hoc
1116 2905 1250 2989 pretioso
1274 2922 1352 2971 noro
1375 2903 1460 2968 fonte

331 3009 503 3075 etiamtunc
525 3009 667 3094 egebant.
711 3010 819 3094 Itaque
844 3030 923 3094 quae
946 3009 1040 3077 fuerit
1057 3009 1149 3076 huius
1172 3009 1268 3076 fontis
1290 3007 1459 3074 auctoritas

330 3111 414 3194 apud
442 3112 580 3197 posteros
611 3113 784 3198 scriptores,
822 3115 961 3180 divinare
995 3115 1117 3181 tantum
1147 3114 1301 3197 poteraut.
1365 3112 1457 3176 Nune

330 3217 469 3298 apparet,
506 3216 687 3284 Aristotelis
724 3209 961 3301 Re'mpublieam
999 3217 1237 3284 Atheniensium
1278 3215 1460 3301 diligentius

329 3319 504 3386 lectitatam
528 3321 559 3386 et
580 3319 676 3388 latius
698 3322 913 3406 peruulgatam
945 3321 1041 3388 fuisse
1066 3341 1158 3405 quam
1182 3321 1345 3406 quisquam
1366 3319 1458 3402 putass

330 3421 387 3487 ret.
432 3422 516 3502 Quae
539 3425 705 3507 postquam
728 3427 941 3506 animadverti,
965 3425 1032 3510 jem
1056 3426 1163 3491 statim
1186 3425 1264 3489 mihi
1284 3424 1365 3487 hanc
1387 3437 1459 3504 pro-

329 3525 464 3591 vinciam
501 3528 623 3610 seposui
660 3529 692 3593 et
728 3527 760 3593 in
794 3548 860 3594 rem
890 3529 1100 3612 pertricatam,
1123 3526 1288 3608 quantum
1325 3540 1458 3606 possem,

329 3628 490 3710 penetrare
518 3629 633 3695 studui.
693 3628 760 3710 Quo
792 3632 874 3696 lacto
909 3631 1039 3716 cognovi
1061 3648 1079 3693 a
1102 3625 1293 3711 Schofferol)
1324 3624 1458 3689 stmilem

343 3907 354 3942 ⁶·
434 3922 460 3982 1)
488 3920 656 3976 Aristoteles
674 3921 734 3975 und
751 3921 844 3975 Athen
862 3919 880 3974 l.
900 3919 932 3973 ll.
951 3919 1025 3975 Berl.
1045 3921 1120 3976 1893.

431 3987 458 4050 2)
486 3989 568 4044 Burs.
587 3990 682 4044 Jhber.
703 3990 778 4045 1895.
815 3990 865 4044 Bd.
885 3991 970 4058 83..p.
989 3991 1047 4044 220.

330 4057 835 4182 enarrargrzlifflgudnltlgiriitgtzssuelilsratiilssl
848 4059 969 4182 plag-'guis
997 4058 1213 4114 Atheniensium
1242 4057 1459 4125 antiquitatibus

430 4199 459 4258 4)
486 4197 529 4251 De
546 4195 778 4266 Harpocrationis
796 4197 884 4251 lexici
902 4195 1026 4250 fontibus
1048 4197 1231 4263 quaestiones
1259 4195 1383 4250 selectae
1410 4197 1456 4250 in:

329 4263 470 4319 Schriften
486 4266 536 4319 der
547 4265 725 4319 Universitat
738 4280 774 4320 zu
786 4265 851 4319 Kiel
865 4281 889 4320 a.
907 4267 932 4320 d.
945 4265 1033 4320 dahre
1047 4265 1113 4320 1876
1127 4265 1176 4320 Bd.
1190 4263 1290 4318 XXIII.
1304 4265 1367 4318 Kiel
1381 4265 1457 4319 1877.

432 4335 461 4401 5)
490 4333 745 4402 Untersachungen
771 4334 842 4389 iiber
869 4336 914 4389 die
937 4334 1055 4399 tinellen
1084 4335 1135 4390 der
1161 4333 1388 4390 Plato-Scholion
1409 4335 1455 4387 in:

328 4401 445 4457 dahrhb.
464 4403 482 4455 f.
502 4404 584 4457 class.
602 4403 703 4457 Philol.
723 4403 817 4472 suppl.
835 4404 886 4458 Bd.
905 4403 978 4457 XIII.
998 4403 1074 4458 1884.
1092 4419 1117 4471 p.
1137 4401 1195 4458 826.

432 4471 460 4538 o)
487 4472 570 4526 Burs,
588 4472 684 4527 dhber.
705 4473 779 4528 1895.
816 4473 866 4526 Bd.
884 4473 926 4528 83.
944 4488 969 4541 p.
988 4473 1047 4527 220.
1168 4533 1170 4538 .
