3408 5276
785 513 826 576 47

240 713 361 778 factum
383 713 441 792 ost,
463 716 499 778 ut
521 714 602 779 inter
623 715 726 780 officia
749 719 874 782 senatus
897 715 1097 782 describenda
1120 717 1282 782 nonnullos
1301 736 1369 782 ma·

242 816 391 901 gistratus
415 820 496 882 sorte
519 817 627 883 ductos
649 819 883 897 intermisceret,
916 821 969 902 qui
992 820 1140 884 camillo
1164 822 1229 884 arte
1258 821 1368 886 cohae-

241 921 354 985 rerent.
401 920 462 986 Sed
484 921 515 985 in
539 922 715 986 universum
737 924 888 1008 propositi
919 925 1010 988 tenen
1041 924 1101 987 fuit
1131 924 1237 1006 itaquo
1270 925 1370 1010 ἀρχὰς

241 1023 411 1110 κληρωτάς
433 1043 498 1110 cap.
523 1024 574 1090 43.
598 1024 719 1088 2-61
745 1027 930 1111 percensuit,
953 1047 1029 1109 ques
1052 1047 1070 1092 a
1093 1027 1193 1111 eapite
1215 1028 1256 1090 61
1274 1028 1371 1112 ἀρχαὶ

242 1125 463 1212 χειροτονηταί
494 1130 618 1193 secutae
650 1134 733 1193 sunt.
785 1130 853 1194 Hoc
882 1133 987 1194 autom
1010 1150 1106 1212 genus
1129 1131 1371 1212 magistratuum

244 1248 298 1295 cur
327 1230 392 1294 tam
423 1231 531 1314 paucis
562 1231 666 1296 verbis
697 1232 874 1310 absolverit,
906 1252 940 1297 eo
972 1251 1116 1297 excusare
1148 1232 1256 1310 solent,
1289 1232 1370 1314 qued

243 1333 314 1398 aute
330 1351 397 1415 cap.
412 1331 453 1394 61
476 1333 587 1399 lacuna
604 1353 719 1417 magna
740 1335 816 1414 hiat,
841 1353 901 1418 qua
923 1335 1146 1400 interciderunt
1168 1335 1370 1418 magistratus

245 1437 277 1500 in
297 1435 532 1518 quadriennium
549 1439 653 1517 creati,
677 1437 764 1502 velut
785 1437 898 1523 ταμίας
921 1447 982 1502 τῶν
1005 1446 1251 1522 στρατιωτικῶν,
1276 1437 1304 1500 οἱ
1320 1437 1372 1500 ἐπὶ

242 1542 280 1602 τὸ
312 1539 487 1624 θεωρικόν,
521 1539 538 1603 ὁ
570 1548 632 1604 τῶν
663 1549 788 1627 κρηνῶν
819 1540 1025 1628 ἐπιμελητής.
1087 1541 1147 1606 Sed
1179 1559 1238 1606 non
1270 1543 1371 1604 solum

243 1643 356 1708 Pollux
366 1643 401 1726 ¹),
429 1662 536 1708 verum
559 1645 653 1709 etiam
676 1645 900 1729 Harpocration
926 1664 985 1710 non
1009 1645 1099 1729 plura
1121 1663 1157 1708 ac
1179 1663 1233 1710 nos
1256 1644 1370 1726 legisse

242 1745 375 1810 uidetur.
419 1744 508 1826 Quod
531 1749 692 1831 propterea
716 1749 781 1812 veri
804 1749 905 1812 simile
928 1765 994 1813 esse
1017 1749 1102 1832 puto,
1135 1747 1216 1828 quia,
1241 1746 1268 1811 si
1289 1747 1371 1810 Har-

244 1849 400 1934 pocration
428 1849 588 1914 habuisset
619 1850 745 1934 plenum
776 1851 901 1928 librum,
933 1851 965 1914 in
998 1869 1071 1915 voce
1104 1849 1245 1933 dampnant
1276 1849 1372 1913 inter-

245 1952 396 2037 pretanda
417 1954 449 2016 in
471 1954 589 2037 primis,
623 1973 693 2018 cum
718 1955 812 2019 uerba
834 1955 992 2032 scriberet,
1023 1955 1065 2038 ἠν
1087 1953 1122 2016 δὲ
1145 1952 1229 2037 ἀρχή
1254 1973 1298 2028 τις
1321 1953 1373 2015 ἐπὶ

241 2065 298 2120 τοῦ
321 2056 490 2140 θεωρικοῦ,
524 2057 589 2122 sino
622 2057 715 2122 dubio
747 2059 829 2122 hunc
862 2059 978 2123 fontem
1001 2058 1129 2122 laudere
1152 2075 1212 2121 non
1236 2056 1372 2140 praeter·

242 2159 389 2224 misisset.
449 2159 565 2224 Ceteris
599 2161 680 2224 euim
712 2161 804 2238 locis,
837 2161 1024 2242 ubicumque
1056 2160 1085 2224 ei
1117 2160 1236 2224 occasio
1271 2159 1372 2240 operis

244 2260 427 2326 Aristotelei
464 2263 628 2346 praecipue
660 2264 836 2346 posterioris
870 2263 967 2346 partis
999 2263 1173 2327 laudandae
1211 2263 1284 2326 dala
1315 2263 1370 2338 cst,

243 2384 412 2447 numquam
434 2365 468 2430 id
490 2366 605 2430 oblitus
629 2367 686 2445 cst,
718 2367 757 2430 ol.
781 2367 915 2451 exempli
936 2367 1040 2450 gratia
1062 2385 1087 2430 s.
1110 2385 1138 2429 v.
1162 2363 1282 2449 ταμίαι,
1307 2385 1370 2427 πω-

242 2466 352 2553 ληταί,
377 2467 562 2551 accubares,
588 2467 788 2555 ἀγορανόμοι,
814 2468 994 2554 ἀστυνόμοι,
1024 2466 1212 2554 μετρονόμοι,
1247 2467 1371 2550 σιτοφύ-

241 2569 342 2648 raas,
365 2572 422 2636 otc.
446 2572 504 2636 etc.
550 2570 634 2651 Quae
658 2591 726 2635 cum
751 2573 796 2637 ita
818 2571 890 2651 siut,
924 2590 995 2637 cum
1018 2590 1115 2654 neque
1138 2570 1250 2636 Pollux
1274 2589 1372 2652 nequo

244 2675 468 2760 Harpocration
500 2675 666 2758 pleniorem
698 2675 813 2739 librum
845 2676 990 2741 habuisse
1026 2675 1196 2751 videantur,
1235 2674 1371 2738 nondum

240 2777 435 2862 exploratum
459 2777 537 2842 mihi
559 2797 626 2842 esse
647 2777 780 2858 videtur,
813 2797 889 2843 num
911 2778 987 2843 haec
1007 2778 1120 2842 lacuna
1142 2777 1181 2842 ab
1206 2776 1372 2840 Aristotele

242 2899 391 2962 umquam
423 2881 545 2964 expleta
567 2879 709 2962 fuerit2).
759 2879 848 2959 Quod
880 2880 945 2944 sive
969 2881 1089 2964 probas,
1122 2879 1186 2943 siue
1217 2876 1370 2962 repudias,

242 2984 461 3065 argumentum
492 2984 530 3048 ab
554 2984 721 3049 Aristotele
754 2984 813 3048 hoc
835 2983 926 3048 modo
952 2983 1151 3048 distributum
1176 3000 1242 3046 esse
1266 2981 1372 3064 negari

242 3104 305 3151 non
335 3088 445 3171 potest.
500 3086 562 3152 Sed
594 3107 667 3150 num
702 3087 784 3151 ultra
812 3086 893 3151 hanc
915 3085 1165 3151 distributionem
1188 3086 1225 3148 ab
1249 3086 1371 3150 auctore

246 3190 275 3254 si
296 3208 356 3255 non
380 3190 551 3255 confectam
574 3193 607 3255 at
628 3192 733 3256 tamen
756 3193 858 3256 animo
876 3191 1027 3254 intentam
1044 3190 1142 3253 ullam
1157 3189 1251 3252 aliam
1268 3188 1372 3269 quaeri

245 3311 375 3376 aequum
400 3294 449 3372 sit,
474 3276 551 3358 milri
574 3281 701 3360 dubium
724 3313 790 3359 esse
813 3295 945 3359 videtur.
991 3293 1176 3358 Aristoteles
1199 3291 1301 3356 officia
1323 3311 1371 3355 se·

242 3399 347 3474 natus,
382 3416 459 3480 quae
482 3416 501 3462 a
524 3417 589 3481 cap.
614 3398 663 3477 49,
688 3398 709 3461 3
740 3397 902 3480 usquead
932 3397 1027 3461 finem
1059 3396 1170 3478 capitis
1202 3397 1370 3472 enumerat,

244 3499 376 3563 fortasse
408 3499 495 3563 nullo
527 3499 633 3564 ordine
663 3498 761 3584 pet'to
793 3499 904 3564 ceteris
928 3498 1076 3582 adjunxit,
1110 3517 1147 3561 ne
1182 3497 1256 3579 quid
1279 3497 1371 3561 omit-

241 3601 336 3679 teret,
358 3600 439 3683 qucd
454 3601 558 3686 paullo
576 3603 700 3684 gravius
723 3602 752 3665 ei
766 3601 930 3666 videretur.
967 3601 1069 3665 Multa
1092 3601 1208 3664 leuiora
1230 3601 1311 3662 certe
1335 3599 1372 3662 de

243 3793 502 3803 ——-...

348 3911 374 3978 1)
392 3911 584 3964 Wilamowitn
602 3911 619 3962 l.
638 3909 655 3962 l.
675 3909 694 3962 Ι.
713 3908 771 3963 296.
791 3924 855 3963 auu.
875 3907 916 3963 12.
953 3908 1034 3962 Bless
1054 3908 1106 3972 (ed.
1126 3907 1172 3973 ΙΙ.)
1191 3921 1254 3961 anu.
1273 3907 1301 3960 h.
1319 3906 1336 3958 l.

348 4014 375 4079 2)
394 4015 457 4078 Qua
473 4014 503 4068 iu
521 4027 553 4067 re
571 4028 636 4068 cum
653 4013 746 4068 Keilio
765 4013 782 4066 l.
801 4013 819 4065 l.
837 4027 864 4080 p.
886 4013 934 4066 196
962 4027 1026 4066 eun.
1057 4011 1250 4065 locuseutio.
1286 4009 1371 4061 Wila·

243 4101 361 4155 mowita
383 4102 399 4154 l.
418 4101 436 4154 l.
454 4101 474 4153 l.
492 4099 543 4152 207
562 4115 624 4154 anu.
644 4099 678 4153 34
699 4100 735 4154 ad
753 4099 871 4152 eandem
890 4099 1051 4166 opinionem
1069 4098 1234 4164 pervenisse
1252 4095 1372 4156 videtur,

244 4186 313 4241 lioet
331 4187 451 4241 obscure
469 4189 607 4254 cauteque
624 4187 764 4253 loquatur.
800 4185 908 4247 Kaibel,
936 4185 990 4239 Stil
1007 4199 1034 4238 u.
1054 4183 1129 4237 Text
1146 4198 1171 4250 p.
1191 4183 1250 4245 251,
1278 4194 1373 4247 quem·

246 4286 330 4340 quam
348 4274 409 4340 ipsc
427 4273 587 4327 rectissime
605 4272 813 4333 animadvertit,
841 4285 979 4338 nusquam
1007 4271 1037 4323 in
1064 4271 1121 4324 late
1144 4269 1270 4336 disJeotis
1288 4267 1372 4320 huius

244 4360 359 4425 generis
377 4359 468 4412 ruinis
486 4359 531 4412 vel
550 4359 667 4412 minima
684 4357 902 4425 magistratuum
929 4358 959 4410 in
977 4356 1193 4424 quadriennium
1213 4355 1373 4408 creatorum

245 4445 370 4513 vestigia
388 4446 484 4512 detegi
500 4458 593 4514 posse,
613 4446 755 4512 inpriore
774 4446 916 4498 sententia
933 4447 1105 4511 perseverat.
