3408 5276
796 509 837 573 33

245 716 361 780 tantur.
415 713 504 778 Certe
536 733 552 778 3
574 713 649 778 33113
670 712 772 778 verbis
794 713 990 778 Aristoteleis
1013 713 1107 778 otiam
1130 733 1251 780 summa
1273 715 1368 780 animi

245 817 416 882 attentione
447 815 598 880 lectitatis
629 835 690 880 non
722 815 863 880 concludi
894 817 1006 898 petest,
1039 817 1257 900 philosophum
1288 817 1368 882 31133

245 918 403 984 cuiusdam
438 918 622 982 sententiam
655 919 786 984 tacitum
809 919 960 1002 corrigere
983 924 1037 984 aut
1067 919 1201 984 refutare
1223 921 1367 986 voluisse.

245 1022 305 1088 Sed
329 1021 536 1086 Wilamewita
568 1040 601 1086 33
624 1023 779 1087 invenisse
811 1022 918 1101 credit,
950 1042 1008 1104 que
1040 1024 1090 1088 hic
1122 1024 1208 1088 locus
1241 1025 1369 1106 spectet.

247 1127 323 1188 llum
351 1127 443 1202 enim,
476 1145 494 1189 3
526 1144 585 1207 333
611 1126 836 1208 Harpocration
869 1145 893 1190 s.
925 1145 953 1190 v.
987 1126 1106 1212 3111133
1137 1127 1280 1208 pendeat,
1312 1127 1369 1192 bec

245 1228 381 1294 efficium
405 1229 560 1312 euthynis,
592 1247 652 1292 nen
674 1229 796 1311 legistis
818 1229 964 1293 tribuisse
987 1248 1084 1310 nequo
1107 1229 1206 1293 eidem
1228 1229 1369 1310 ignotum

244 1331 349 1408 fuisse,
373 1331 576 1395 Aristotelem
592 1331 654 1396 alia
672 1331 788 1396 docere.
827 1330 904 1396 Cum
926 1333 959 1395 in
975 1332 1070 1396 verba
1085 1331 1238 1414 magistri,
1262 1351 1369 1414 qnam-

244 1434 292 1498 313
308 1433 434 1516 egregii,
458 1433 689 1499 Wilameuitrii
709 1435 812 1518 jurare
835 1435 942 1513 nolim,
965 1435 1025 1498 nisi
1047 1434 1212 1516 postquam
1227 1434 1370 1498 mihimet

243 1537 313 1619 ipse
347 1537 534 1601 sententiam
566 1556 627 1602 non
654 1537 779 1602 dubiam
812 1556 879 1602 esse
910 1537 1057 1620 persuasi,
1089 1538 1121 1600 in
1153 1537 1261 1620 primis
1283 1536 1369 1601 loeus

243 1639 526 1722 Harpocrationeus
558 1641 635 1704 mihi
666 1641 875 1722 inspiciendus
908 1642 964 1705 est.
1019 1639 1097 1704 Sanc
1124 1639 1259 1704 Dinderf
1285 1641 1368 1724 typis

244 1745 378 1808 excussit
398 1745 446 1810 bis
466 1746 592 1810 abderet
615 1747 647 1810 ct
661 1747 877 1825 Wilamewitz,
902 1749 955 1830 331
978 1749 1127 1829 epitomes
1149 1748 1272 1812 tantum
1296 1766 1369 1811 een-

244 1847 361 1910 1331331
395 1849 548 1927 exscribit,
582 1851 727 1914 annotat:
763 1851 850 1933 „lege
880 1850 1038 1914 3111333ιῆ
1083 1849 1145 1914 Sed
1166 1849 1238 1914 libri
1260 1869 1369 1914 manu-

244 1949 352 2030 scripti
374 1951 504 2032 utroque
524 1951 590 2016 lece
613 1952 707 2016 aliam
730 1952 880 2036 praebent
902 1952 1076 2026 lectionem,
1099 1951 1201 2032 priore
1224 1951 1366 2034 cooeva,

244 2053 410 2132 posteriore
443 2053 574 2137 esterp.
628 2055 718 2119 Talia
748 2055 892 2138 legerunt
923 2073 994 2118 cum
1017 2054 1103 2119 Suid.
1129 2075 1153 2120 s.
1176 2075 1205 2118 v.
1229 2056 1296 2120 tum
1318 2055 1369 2118 ut.

243 2153 285 2216 Μ.
311 2154 385 2220 391.
409 2155 460 2232 53,
488 2158 520 2220 et
542 2159 633 2222 unius
656 2159 746 2222 133131
769 2158 948 2242 Segueriani
972 2158 1012 2222 V.
1035 2156 1107 2222 257.
1134 2160 1173 2222 15
1197 2158 1370 2242 gratiarii

244 2261 511 2339 commovebimur,
535 2263 571 2325 ut
593 2263 784 2328 constantem
808 2263 946 2326 emnium
968 2261 1109 2326 codicum
1130 2262 1296 2326 lectionem
1319 2279 1369 2325 re·

243 2361 428 2444 linquamus,
461 2365 644 2445 pracsertim
676 2384 746 2430 curn
776 2365 844 2428 loco
875 2363 965 2427 133131
989 2363 1137 2426 rhetorici
1158 2363 1249 2428 modo
1271 2362 1367 2426 311313

243 2467 365 2548 propria
395 2466 451 2530 1113
481 2467 639 2548 tripertita
670 2469 863 2550 legatorum,
897 2467 1156 2548 magistratuum,
1192 2466 1369 2530 curatorum

243 2572 327 2632 33133
358 2570 497 2634 ordinem
528 2569 759 2653 designatorum
790 2569 901 2635 divisio
933 2569 1025 2637 desit.
1067 2571 1175 2652 113333
1200 2569 1274 2634 11331
1305 2569 1369 2634 dis-

243 2673 372 2752 quirere,
404 2672 478 2754 quid
508 2673 596 2737 nobis
630 2674 808 2755 posterioris
841 2675 951 2738 3313113
975 2674 1142 2754 scriptores
1165 2672 1202 2738 do
1225 2672 1369 2757 enthynis

243 2778 274 2837 31
296 2775 418 2858 legistis
440 2776 641 2855 tradiderint,
674 2778 706 2842 et
737 2777 875 2858 dispersa
907 2776 965 2840 1113
993 2775 1187 2858 fragmenta,
1219 2776 1370 2858 quantum

242 2875 310 2940 fieri
330 2881 442 2960 petest,
466 2879 497 2942 in
521 2879 639 2943 certum
663 2879 802 2944 ordinem
824 2883 974 2962 redigere.

346 2979 406 3045 Sed
422 2984 588 3064 antequam
605 2984 662 3047 boc
685 2984 863 3064 suscipiam,
884 2984 967 3046 inter
989 3001 1044 3046 nes
1068 2983 1230 3046 conveniat
1245 2997 1369 3045 necesse

242 3082 300 3157 est,
333 3082 406 3163 quid
430 3083 467 3146 de
489 3084 568 3150 libro
587 3085 862 3165 ‘Harpocratieneu
896 3085 949 3165 331
979 3082 1158 3147 inscribitur
1188 3081 1286 3160 λέξεις
1309 3090 1370 3146 τῶν

242 3183 323 3247 δέκα
354 3185 504 3272 ῥητόρων,
539 3187 742 3271 judicandum
774 3188 825 3252 sit.
879 3187 1009 3252 Constat
1038 3187 1120 3251 inter
1151 3205 1257 3250 omnes
1288 3187 1369 3250 viros

243 3288 349 3354 doctos
361 3290 398 3369 ¹),
422 3291 514 3356 131333
538 3290 689 3372 quondam
714 3291 791 3355 duas
806 3291 968 3354 minimum
989 3290 1143 3372 pleniores
1158 3289 1249 3353 133131
1263 3306 1369 3352 recen·

243 3394 354 3468 sienes,
378 3413 394 3457 3
418 3394 528 3476 331133
551 3395 651 3458 altera
673 3395 767 3459 etiam
790 3395 925 3459 nuncin
948 3393 1055 3458 multis
1080 3392 1237 3457 codicibus
1261 3409 1370 3473 super-

243 3497 299 3572 est,
332 3496 428 3560 altera
459 3515 477 3560 3
499 3497 599 3576 priore
622 3497 744 3562 diversa
766 3497 858 3562 133131
880 3495 1127 3560 vindebonensis
1152 3495 1184 3558 et
1206 3492 1368 3558 Michaelis

243 3599 398 3680 Apostolii
421 3601 564 3682 Byzantii
589 3601 620 3664 in
644 3599 812 3681 proverbiis
836 3597 1018 3676 colligendis
1041 3596 1198 3660 13331311.
1253 3595 1299 3658 Er
1321 3614 1369 3658 ar·

245 3701 379 3785 ehetppe
403 3702 464 3766 3113
487 3721 523 3766 33
545 3702 698 3784 pleniores
721 3702 777 3764 bae
801 3700 990 3765 recensiones
1014 3698 1163 3780 originem
1183 3717 1270 3762 suam
1286 3696 1372 3761 ducit

243 3803 386 3884 epitome,
411 3823 489 3886 3333
513 3805 635 3880 dicitu,
659 3805 931 3886 Harpocratienea,
954 3801 1073 3884 331313
1097 3800 1156 3866 bae
1179 3800 1370 3866 3311333113

243 3906 360 3985 insunt,
383 3926 462 3990 3333
485 3908 516 3972 13
539 3907 603 3972 11113
626 3907 848 3972 desiderantur.
885 3905 974 3970 Unde
991 3903 1137 3982 efficitur,
1160 3921 1264 3968 veram
1280 3899 1371 3968 133131

242 4130 499 4142 *οι-.-

351 4282 375 4349 l)
392 4283 516 4336 Dinderf
531 4283 572 4335 ed.
598 4297 623 4348 p.
650 4280 759 4334 l-xx.
796 4279 911 4346 Boysen
938 4279 955 4330 1.
982 4279 1000 4331 l.
1022 4292 1048 4345 p.
1071 4278 1160 4331 1-10.
1197 4275 1229 4329 G.
1248 4273 1368 4337 Kainon,

242 4367 286 4424 De
298 4369 441 4423 codicibus
455 4368 594 4435 epitomes
607 4365 864 4434 Harpocrationeae
882 4363 928 4416 in:
947 4363 1067 4418 Dissert.
1086 4363 1180 4430 philol.
1208 4360 1278 4414 Η311.
1297 4356 1369 4412 Vlll.

243 4451 319 4508 1887.
354 4468 381 4521 p.
402 4452 544 4506 143-191.

1177 4545 1194 4595 3
