3408 5276
894 543 915 604 4

797 631 1002 640 m

481 743 607 808 Αιίοίοί.
632 745 683 808 57.
708 746 738 808 3.
1071 745 1160 808 ῠειιι.
1184 743 1237 808 2³.
1261 745 1317 814 24.

339 896 398 960 εἰσὶ
428 897 462 960 δὲ
484 896 579 982 φόνου
602 895 686 960 δίκαι
709 898 764 960 καὶ
786 897 877 981 τραό-
924 895 1100 982 γέγραπται
1122 899 1183 982 γάρ
1214 897 1247 961 ἐν
1269 898 1326 982 μὲν
1349 907 1393 983 τῷ
1415 897 1463 962 νό-

340 1020 457 1083 ματος,
496 1001 534 1063 ἀν
571 1001 627 1084 μὲν
661 997 699 1062 ἐκ
736 999 879 1083 προνοίας
925 1021 973 1086 μῳ
990 1003 1068 1086 ,τήν
1083 1000 1198 1088 βουλὴν
1213 1001 1352 1079 δικάζειν
1367 999 1460 1085 φόνου

339 1100 511 1186 ἀποκτείνῃ
534 1103 556 1187 ἢ
574 1100 691 1188 τρώσῃ,
716 1103 749 1166 ἐν
767 1101 878 1188 Ἀρείῳ
923 1106 978 1168 καὶ
1000 1105 1175 1189 τραύματος
1195 1103 1234 1167 ἐκ
1248 1102 1392 1186 προνοίας
1407 1106 1462 1166 καὶ

339 1205 431 1290 πάγῳ
451 1208 506 1268 καί
523 1205 710 1291 φαρμάκων,
732 1206 787 1270 ἐὰν
802 1207 878 1270 ἀπο·
922 1215 1079 1291 πυρκαϊᾶς
1110 1210 1165 1271 καί
1187 1205 1373 1293 φαρμάκων,
1407 1205 1462 1268 ἐάν

338 1306 598 1392 κτείνῃδοός,καί
607 1319 770 1394 πυρκαιάς·
779 1318 879 1373 ταῦτα
923 1331 968 1387 τις
991 1308 1163 1394 ἀποκτείνῃ
1187 1309 1292 1386 aaa«
1380 1333 1383 1338 ·

335 1412 397 1494 γάρ
420 1411 442 1495 ἡ
466 1411 564 1497 βουλὴ
589 1411 668 1497 μόνα
691 1411 823 1491 δικάζει.

438 1581 484 1646 Da
507 1582 725 1647 undecimviris
749 1581 864 1646 similia
886 1587 968 1660 sunt,
1000 1599 1078 1664 quaa
1101 1581 1296 1661 Aristoteles,
1330 1581 1460 1647 Aeschi-

335 1703 390 1749 nes
413 1703 439 1750 ο.
463 1683 627 1763 Τίωοιοίι,
651 1703 697 1768 ps.
722 1684 811 1749 Dem.
835 1702 861 1748 ο.
886 1684 998 1749 Lacrit.
1022 1682 1171 1766 praebent
1194 1684 1216 1768 ).

387 1839 517 1906 Ατίοίοί.
542 1841 595 1905 52.
620 1843 639 1904 Ι.
782 1839 897 1906 Aeaeis.
922 1842 944 1906 Ι.
970 1843 1012 1904 91.
1140 1838 1262 1924 [Dana]
1285 1842 1339 1905 35.
1362 1843 1415 1906 47.

335 1996 390 2057 καὶ
400 1996 470 2070 τοὺς
480 1993 697 2080 ἀπαγομένους
716 1993 760 2070 τίς
782 1997 843 2079 γάρ
858 1995 879 2078 ἢ
897 2001 958 2058 τῶν
973 1993 1076 2058 λωπο-
1097 1991 1182 2056 ἀλλά
1247 1995 1457 2081 τοιχωρύχους

336 2094 477 2172 κλέπτας
489 2099 543 2160 καί
555 2101 626 2174 τοὺς
642 2099 694 2162 ἀν·
715 2097 816 2161 δυτῶν
845 2099 867 2182 ἢ
892 2104 954 2160 τῶν
977 2096 1076 2160 κλεπ-
1097 2099 1152 2158 καί
1211 2095 1351 2172 κλέπτας
1404 2099 1458 2160 καὶ

335 2198 542 2282 δραποδιστάς
557 2203 696 2278 καὶτοὺς
715 2209 777 2265 τῶν
798 2202 819 2286 ἢ
841 2208 903 2264 τῶν
920 2207 1039 2287 μοιχῶν
1054 2201 1075 2285 ἢ
1097 2201 1167 2274 τοὺς
1190 2198 1306 2275 ἀλλους
1321 2200 1456 2284 κακούρ-

333 2302 528 2386 λωποδότας,
715 2311 776 2368 τῶν
818 2303 1011 2389 ἀνδροφόνων
1054 2307 1170 2390 ἢγους

714 2415 775 2471 τῶν
798 2411 837 2471 τά
861 2407 994 2492 μέγιστα
1021 2409 1077 2494 μὲν

714 2508 924 2590 ἀδικούντων,
968 2509 1075 2592 λάθρα

714 2609 748 2673 δὲ
764 2620 856 2673 τοῦτο
875 2609 1076 2694 πραττόντων

713 2712 805 2778 δόσει
822 2712 925 2798 δίκην,
943 2714 1076 2798 καὶγὰρ

713 2815 831 2880 τούτων
868 2816 896 2880 οἱ
933 2817 987 2900 μὲν
1025 2815 1074 2880 ἐπ’

712 2918 884 3003 αὐτοφώρῳ
929 2917 1072 3002 ἁλόντες,

388 3021 426 3084 ἀν
454 3022 509 3106 μὲν
532 3021 692 3107 ὁμολογῶ·
713 3021 767 3084 ἐάν
794 3023 849 3106 μὲν
880 3021 1072 3106 ὁμολογῶσι,

331 3143 370 3200 οι,
378 3122 508 3208 θανάτῳ
520 3123 692 3210 ζημιώσον-
712 3133 908 3210 παραχρῆμα
941 3123 1073 3209 θανάτῳ
1094 3123 1164 3198 τοὺς
1187 3121 1238 3186 ἐπὶ
1256 3122 1386 3207 θανάτῳ
1402 3124 1452 3186 οὔ·

332 3246 399 3309 τας,
712 3228 908 3313 ζημιοῦνται,
926 3226 954 3290 οί
970 3228 1003 3292 δὲ
1015 3227 1073 3291 λα-
1094 3245 1141 3289 τοι
1164 3225 1348 3310 είςάγουσιν.

330 3329 369 3391 ἀν
391 3329 417 3392 δ’
442 3329 690 3416 ἀμφισβητῶσιν,
712 3329 823 3407 δόντες
861 3332 916 3393 καί
954 3329 1073 3416 ἔξαρνοι

284 3458 288 3468 ·
330 3427 503 3508 εἰςάξοντας
526 3433 568 3509 είς
591 3435 626 3496 τό
650 3433 692 3496 δι·
710 3432 870 3519 γενόμενοι
919 3433 1074 3518 κρίνονται

330 3533 511 3618 καυτήριον.
712 3535 745 3599 ἐν
767 3545 831 3612 τοῖς
849 3534 1070 3622 δικαστηρίοις.

431 3724 530 3807 Leges
562 3725 600 3789 ab
625 3725 793 3791 Aristotele
825 3725 880 3788 aut
911 3723 1015 3805 aperta
1039 3721 1205 3786 laudantur
1226 3721 1258 3785 in
1282 3719 1448 3804 posteriora

327 3824 427 3906 operis
451 3826 537 3908 parta
553 3826 591 3890 cf.
608 3845 675 3908 aap.
694 3826 744 3890 45.
757 3825 784 3906 1,
810 3825 903 3904 47.1‚
926 3823 1019 3904 48.1,
1043 3824 1095 3887 49.
1106 3825 1135 3904 4,
1159 3823 1292 3904 51.1,3‚
1316 3821 1368 3888 53.
1379 3823 1408 3902 5,
1419 3820 1451 3900 6,

431 4131 457 4199 1)
476 4132 521 4185 Ex
538 4132 603 4200 hys.
625 4132 663 4185 10.
684 4131 718 4185 10
736 4131 863 4197 efficitur,
881 4134 910 4187 in
929 4131 993 4200 lega
1011 4131 1167 4191 λωποδύτας
1185 4133 1214 4186 et
1231 4131 1447 4201 ἀνδραποδιστάς,

328 4229 367 4269 ax
384 4215 559 4284 antiphonae
578 4217 613 4271 da
632 4217 708 4270 asad.
727 4217 828 4272 Herod.
847 4219 863 4272 9
885 4218 999 4278 κλέπτας
1016 4219 1045 4273 et
1063 4216 1219 4278 λωποδύτας
1234 4219 1340 4274 diserta
1357 4219 1447 4273 nomi·

325 4305 408 4358 natos
436 4318 506 4358 essa.
551 4303 752 4359 Additamenta
780 4305 903 4360 Kaibelii
929 4308 958 4361 at
987 4306 1199 4362 Wilamowitaii
1231 4306 1285 4372 (ad.
1313 4305 1356 4372 11.)
1383 4305 1448 4372 post

325 4389 414 4443 verba
440 4389 638 4457 ἀπαγομένοοςε
666 4386 838 4458 [κακούργους
854 4389 916 4450 τούς
932 4389 970 4460 τε]
999 4405 1062 4446 aum
1080 4391 1193 4448 Blassio
1212 4393 1266 4462 [ed.
1288 4391 1333 4460 ΙΙ.)
1351 4391 1447 4459 sprevi

327 4475 361 4529 cf.
380 4475 454 4530 infra
472 4490 530 4544 aap.
549 4474 581 4530 ΙΙ.
600 4475 615 4541 5
635 4474 660 4534 1.
