<?xml version="1.0" encoding="UTF-8"?>
<!DOCTYPE html PUBLIC "-//W3C//DTD XHTML 1.0 Transitional//EN"
    "http://www.w3.org/TR/xhtml1/DTD/xhtml1-transitional.dtd">
<html xmlns="http://www.w3.org/1999/xhtml" xml:lang="en" lang="en">
 <head>
  <title>
</title>
<meta http-equiv="Content-Type" content="text/html;charset=utf-8" />
  <meta name='ocr-system' content='tesseract 3.04.00' />
  <meta name='ocr-capabilities' content='ocr_page ocr_carea ocr_par ocr_line ocrx_word'/>
</head>
<body>
  <div class='ocr_page' id='page_1' title='image "./dearistotelispo01bursgoog_0088.png"; bbox 0 0 3396 5278; ppageno 0'>
   <div class='ocr_carea' id='block_1_1' title="bbox 764 523 805 588">
    <p class='ocr_par' dir='ltr' id='par_1_1' title="bbox 764 523 805 588">
     <span class='ocr_line' id='line_1_1' title="bbox 764 523 805 588; baseline 0 0"><span class='ocrx_word' id='word_1_1' title='bbox 764 523 805 588; x_wconf 76' lang='lat'><strong>75</strong></span> 
     </span>
    </p>
   </div>
   <div class='ocr_carea' id='block_1_2' title="bbox 140 724 1426 2031">
    <p class='ocr_par' dir='ltr' id='par_1_2' title="bbox 140 724 1426 2031">
     <span class='ocr_line' id='line_1_2' title="bbox 181 724 1346 806; baseline 0.006 -17"><span class='ocrx_word' id='word_1_2' title='bbox 181 795 184 806; x_wconf 47' lang='grc'>,</span> <span class='ocrx_word' id='word_1_3' title='bbox 218 725 317 792; x_wconf 80' lang='lat' dir='ltr'><strong>tentis</strong></span> <span class='ocrx_word' id='word_1_4' title='bbox 338 724 536 806; x_wconf 76' lang='lat' dir='ltr'><strong>discederem,</strong></span> <span class='ocrx_word' id='word_1_5' title='bbox 560 731 804 795; x_wconf 86' lang='lat' dir='ltr'><strong>commoverunt.</strong></span> <span class='ocrx_word' id='word_1_6' title='bbox 848 728 1010 796; x_wconf 88' lang='lat' dir='ltr'><strong>Pollucem</strong></span> <span class='ocrx_word' id='word_1_7' title='bbox 1031 728 1116 796; x_wconf 86' lang='lat' dir='ltr'><strong>fonte</strong></span> <span class='ocrx_word' id='word_1_8' title='bbox 1138 729 1250 794; x_wconf 90' lang='lat' dir='ltr'><strong>scholii</strong></span> <span class='ocrx_word' id='word_1_9' title='bbox 1271 729 1346 796; x_wconf 88' lang='lat' dir='ltr'><strong>Pla.-</strong></span> 
     </span>
     <span class='ocr_line' id='line_1_3' title="bbox 217 827 1426 916; baseline 0 -22"><span class='ocrx_word' id='word_1_10' title='bbox 217 827 315 894; x_wconf 86' lang='lat' dir='ltr'><strong>toniei</strong></span> <span class='ocrx_word' id='word_1_11' title='bbox 328 831 352 912; x_wconf 87' lang='lat'><strong>¹)</strong></span> <span class='ocrx_word' id='word_1_12' title='bbox 384 829 449 894; x_wconf 94' lang='lat' dir='ltr'><strong>solo</strong></span> <span class='ocrx_word' id='word_1_13' title='bbox 482 849 574 896; x_wconf 89' lang='lat' dir='ltr'><strong>usum</strong></span> <span class='ocrx_word' id='word_1_14' title='bbox 605 849 671 897; x_wconf 88' lang='lat' dir='ltr'><strong>csse</strong></span> <span class='ocrx_word' id='word_1_15' title='bbox 699 832 767 916; x_wconf 78' lang='lat' dir='ltr'><strong>Jam</strong></span> <span class='ocrx_word' id='word_1_16' title='bbox 790 851 826 898; x_wconf 87' lang='lat' dir='ltr'><strong>aa</strong></span> <span class='ocrx_word' id='word_1_17' title='bbox 847 851 880 897; x_wconf 88' lang='lat' dir='ltr'><strong>re</strong></span> <span class='ocrx_word' id='word_1_18' title='bbox 902 831 1111 916; x_wconf 77' lang='lat' dir='ltr'><strong>redarguitur,</strong></span> <span class='ocrx_word' id='word_1_19' title='bbox 1144 832 1234 913; x_wconf 89' lang='lat' dir='ltr'><strong>quod,</strong></span> <span class='ocrx_word' id='word_1_20' title='bbox 1268 851 1347 914; x_wconf 88' lang='lat' dir='ltr'><strong>qnae</strong></span> <span class='ocrx_word' id='word_1_21' title='bbox 1423 865 1426 870; x_wconf 94' lang='lat'>·</span> 
     </span>
     <span class='ocr_line' id='line_1_4' title="bbox 219 930 1346 1019; baseline 0.003 -24"><span class='ocrx_word' id='word_1_22' title='bbox 219 930 386 998; x_wconf 86' lang='lat' dir='ltr'><strong>scholiasta</strong></span> <span class='ocrx_word' id='word_1_23' title='bbox 408 930 445 997; x_wconf 91' lang='lat' dir='ltr'><strong>de</strong></span> <span class='ocrx_word' id='word_1_24' title='bbox 467 933 660 1016; x_wconf 88' lang='lat' dir='ltr'><strong>polemarohi</strong></span> <span class='ocrx_word' id='word_1_25' title='bbox 682 934 792 1015; x_wconf 82' lang='lat' dir='ltr'><strong>officiis</strong></span> <span class='ocrx_word' id='word_1_26' title='bbox 816 934 971 1019; x_wconf 84' lang='lat' dir='ltr'><strong>cognonit,</strong></span> <span class='ocrx_word' id='word_1_27' title='bbox 1004 934 1087 1017; x_wconf 88' lang='lat' dir='ltr'><strong>apud</strong></span> <span class='ocrx_word' id='word_1_28' title='bbox 1108 934 1270 1000; x_wconf 83' lang='lat' dir='ltr'><strong>Pollucem</strong></span> <span class='ocrx_word' id='word_1_29' title='bbox 1292 935 1346 999; x_wconf 88' lang='lat' dir='ltr'><strong>de-</strong></span> 
     </span>
     <span class='ocr_line' id='line_1_5' title="bbox 140 1034 1347 1120; baseline 0.003 -22"><span class='ocrx_word' id='word_1_30' title='bbox 140 1079 143 1086; x_wconf 81' lang='lat'>·</span> <span class='ocrx_word' id='word_1_31' title='bbox 218 1035 299 1100; x_wconf 85' lang='lat' dir='ltr'><strong>sunt</strong></span> <span class='ocrx_word' id='word_1_32' title='bbox 351 1034 435 1100; x_wconf 77' lang='lat' dir='ltr'><strong>Ilieri</strong></span> <span class='ocrx_word' id='word_1_33' title='bbox 464 1037 577 1119; x_wconf 87' lang='lat' dir='ltr'><strong>potnit,</strong></span> <span class='ocrx_word' id='word_1_34' title='bbox 612 1039 647 1102; x_wconf 93' lang='lat' dir='ltr'><strong>ut</strong></span> <span class='ocrx_word' id='word_1_35' title='bbox 669 1037 790 1104; x_wconf 86' lang='lat' dir='ltr'><strong>Pollux.</strong></span> <span class='ocrx_word' id='word_1_36' title='bbox 811 1039 843 1102; x_wconf 94' lang='lat' dir='ltr'><strong>in</strong></span> <span class='ocrx_word' id='word_1_37' title='bbox 876 1037 981 1104; x_wconf 87' lang='lat' dir='ltr'><strong>ordine</strong></span> <span class='ocrx_word' id='word_1_38' title='bbox 1014 1037 1198 1104; x_wconf 80' lang='lat' dir='ltr'><strong>archontum</strong></span> <span class='ocrx_word' id='word_1_39' title='bbox 1221 1057 1347 1120; x_wconf 82' lang='lat' dir='ltr'><strong>compo·</strong></span> 
     </span>
     <span class='ocr_line' id='line_1_6' title="bbox 218 1137 1347 1225; baseline 0.003 -23"><span class='ocrx_word' id='word_1_40' title='bbox 218 1137 317 1204; x_wconf 89' lang='lat' dir='ltr'><strong>nendo</strong></span> <span class='ocrx_word' id='word_1_41' title='bbox 347 1139 473 1221; x_wconf 87' lang='lat' dir='ltr'><strong>plenam</strong></span> <span class='ocrx_word' id='word_1_42' title='bbox 506 1140 653 1224; x_wconf 83' lang='lat' dir='ltr'><strong>glossam,</strong></span> <span class='ocrx_word' id='word_1_43' title='bbox 685 1160 763 1224; x_wconf 88' lang='lat' dir='ltr'><strong>quae</strong></span> <span class='ocrx_word' id='word_1_44' title='bbox 787 1142 883 1208; x_wconf 90' lang='lat' dir='ltr'><strong>schol.</strong></span> <span class='ocrx_word' id='word_1_45' title='bbox 906 1141 1028 1206; x_wconf 88' lang='lat' dir='ltr'><strong>Platon.</strong></span> <span class='ocrx_word' id='word_1_46' title='bbox 1051 1141 1173 1225; x_wconf 87' lang='lat' dir='ltr'><strong>praesto</strong></span> <span class='ocrx_word' id='word_1_47' title='bbox 1195 1140 1263 1220; x_wconf 80' lang='lat' dir='ltr'><strong>fuit,</strong></span> <span class='ocrx_word' id='word_1_48' title='bbox 1296 1161 1347 1205; x_wconf 90' lang='lat' dir='ltr'><strong>ro-</strong></span> 
     </span>
     <span class='ocr_line' id='line_1_7' title="bbox 218 1241 1346 1328; baseline 0.002 -23"><span class='ocrx_word' id='word_1_49' title='bbox 218 1241 359 1323; x_wconf 85' lang='lat' dir='ltr'><strong>spiccret,</strong></span> <span class='ocrx_word' id='word_1_50' title='bbox 383 1242 445 1308; x_wconf 86' lang='lat' dir='ltr'><strong>etsi</strong></span> <span class='ocrx_word' id='word_1_51' title='bbox 466 1262 526 1309; x_wconf 90' lang='lat' dir='ltr'><strong>non</strong></span> <span class='ocrx_word' id='word_1_52' title='bbox 549 1245 769 1328; x_wconf 87' lang='lat' dir='ltr'><strong>intellegimus,</strong></span> <span class='ocrx_word' id='word_1_53' title='bbox 803 1264 857 1310; x_wconf 91' lang='lat' dir='ltr'><strong>cnr</strong></span> <span class='ocrx_word' id='word_1_54' title='bbox 879 1246 930 1310; x_wconf 90' lang='lat' dir='ltr'><strong>hio</strong></span> <span class='ocrx_word' id='word_1_55' title='bbox 952 1245 1018 1309; x_wconf 89' lang='lat' dir='ltr'><strong>sinc</strong></span> <span class='ocrx_word' id='word_1_56' title='bbox 1036 1244 1125 1328; x_wconf 89' lang='lat' dir='ltr'><strong>justa</strong></span> <span class='ocrx_word' id='word_1_57' title='bbox 1147 1262 1241 1309; x_wconf 90' lang='lat' dir='ltr'><strong>causa</strong></span> <span class='ocrx_word' id='word_1_58' title='bbox 1263 1244 1346 1308; x_wconf 90' lang='lat' dir='ltr'><strong>ordi·</strong></span> 
     </span>
     <span class='ocr_line' id='line_1_8' title="bbox 220 1345 1345 1432; baseline 0.001 -23"><span class='ocrx_word' id='word_1_59' title='bbox 220 1363 287 1410; x_wconf 90' lang='lat' dir='ltr'><strong>nem</strong></span> <span class='ocrx_word' id='word_1_60' title='bbox 322 1345 494 1414; x_wconf 81' lang='lat' dir='ltr'><strong>inverterit.</strong></span> <span class='ocrx_word' id='word_1_61' title='bbox 554 1347 666 1413; x_wconf 87' lang='lat' dir='ltr'><strong>Utrum</strong></span> <span class='ocrx_word' id='word_1_62' title='bbox 704 1366 775 1413; x_wconf 91' lang='lat' dir='ltr'><strong>cum</strong></span> <span class='ocrx_word' id='word_1_63' title='bbox 809 1348 1047 1414; x_wconf 86' lang='lat' dir='ltr'><strong>Wilamowitnio</strong></span> <span class='ocrx_word' id='word_1_64' title='bbox 1059 1347 1084 1430; x_wconf 83' lang='lat'><strong>²)</strong></span> <span class='ocrx_word' id='word_1_65' title='bbox 1122 1348 1277 1432; x_wconf 83' lang='lat' dir='ltr'><strong>glossema</strong></span> <span class='ocrx_word' id='word_1_66' title='bbox 1314 1349 1345 1410; x_wconf 90' lang='lat' dir='ltr'><strong>in</strong></span> 
     </span>
     <span class='ocr_line' id='line_1_9' title="bbox 217 1447 1345 1534; baseline 0.002 -23"><span class='ocrx_word' id='word_1_67' title='bbox 217 1447 395 1514; x_wconf 84' lang='lat' dir='ltr'><strong>Aristotelis</strong></span> <span class='ocrx_word' id='word_1_68' title='bbox 418 1450 564 1514; x_wconf 86' lang='lat' dir='ltr'><strong>contextu</strong></span> <span class='ocrx_word' id='word_1_69' title='bbox 586 1469 789 1534; x_wconf 89' lang='lat' dir='ltr'><strong>agnoscamus</strong></span> <span class='ocrx_word' id='word_1_70' title='bbox 813 1451 845 1515; x_wconf 89' lang='lat' dir='ltr'><strong>et</strong></span> <span class='ocrx_word' id='word_1_71' title='bbox 866 1451 1018 1534; x_wconf 86' lang='lat' dir='ltr'><strong>quomode</strong></span> <span class='ocrx_word' id='word_1_72' title='bbox 1042 1449 1234 1534; x_wconf 85' lang='lat' dir='ltr'><strong>pedetentim</strong></span> <span class='ocrx_word' id='word_1_73' title='bbox 1249 1450 1345 1530; x_wconf 84' lang='lat' dir='ltr'><strong>irrep-</strong></span> 
     </span>
     <span class='ocr_line' id='line_1_10' title="bbox 217 1551 1345 1637; baseline 0 -23"><span class='ocrx_word' id='word_1_74' title='bbox 217 1551 299 1630; x_wconf 90' lang='lat' dir='ltr'><strong>sarit,</strong></span> <span class='ocrx_word' id='word_1_75' title='bbox 331 1552 581 1634; x_wconf 68' lang='lat' dir='ltr'><strong>interpretemur,</strong></span> <span class='ocrx_word' id='word_1_76' title='bbox 614 1571 651 1618; x_wconf 91' lang='lat' dir='ltr'><strong>an</strong></span> <span class='ocrx_word' id='word_1_77' title='bbox 685 1571 755 1618; x_wconf 91' lang='lat' dir='ltr'><strong>cum</strong></span> <span class='ocrx_word' id='word_1_78' title='bbox 779 1553 938 1637; x_wconf 81' lang='lat' dir='ltr'><strong>Blassio³)</strong></span> <span class='ocrx_word' id='word_1_79' title='bbox 970 1552 1065 1618; x_wconf 87' lang='lat' dir='ltr'><strong>verba</strong></span> <span class='ocrx_word' id='word_1_80' title='bbox 1091 1553 1241 1618; x_wconf 88' lang='lat' dir='ltr'><strong>nonnulla</strong></span> <span class='ocrx_word' id='word_1_81' title='bbox 1263 1553 1345 1616; x_wconf 81' lang='lat' dir='ltr'><strong>exci-</strong></span> 
     </span>
     <span class='ocr_line' id='line_1_11' title="bbox 218 1652 1345 1739; baseline -0.001 -21"><span class='ocrx_word' id='word_1_82' title='bbox 218 1653 297 1719; x_wconf 88' lang='lat' dir='ltr'><strong>disse</strong></span> <span class='ocrx_word' id='word_1_83' title='bbox 334 1673 510 1736; x_wconf 87' lang='lat' dir='ltr'><strong>ponamus,</strong></span> <span class='ocrx_word' id='word_1_84' title='bbox 548 1655 719 1739; x_wconf 87' lang='lat' dir='ltr'><strong>dijudicare</strong></span> <span class='ocrx_word' id='word_1_85' title='bbox 755 1675 816 1722; x_wconf 92' lang='lat' dir='ltr'><strong>non</strong></span> <span class='ocrx_word' id='word_1_86' title='bbox 854 1655 961 1723; x_wconf 85' lang='lat' dir='ltr'><strong>audeo.</strong></span> <span class='ocrx_word' id='word_1_87' title='bbox 1021 1655 1106 1736; x_wconf 82' lang='lat' dir='ltr'><strong>Quae</strong></span> <span class='ocrx_word' id='word_1_88' title='bbox 1138 1652 1345 1722; x_wconf 86' lang='lat' dir='ltr'><strong>Wilamowitn</strong></span> 
     </span>
     <span class='ocr_line' id='line_1_12' title="bbox 217 1757 1345 1840; baseline -0.002 -19"><span class='ocrx_word' id='word_1_89' title='bbox 217 1757 364 1839; x_wconf 85' lang='lat' dir='ltr'><strong>peccavit,</strong></span> <span class='ocrx_word' id='word_1_90' title='bbox 388 1758 635 1840; x_wconf 84' lang='lat' dir='ltr'><strong>Harpocratione</strong></span> <span class='ocrx_word' id='word_1_91' title='bbox 666 1759 745 1824; x_wconf 87' lang='lat' dir='ltr'><strong>falso</strong></span> <span class='ocrx_word' id='word_1_92' title='bbox 778 1759 893 1825; x_wconf 86' lang='lat' dir='ltr'><strong>collato</strong></span> <span class='ocrx_word' id='word_1_93' title='bbox 926 1759 958 1824; x_wconf 89' lang='lat' dir='ltr'><strong>at</strong></span> <span class='ocrx_word' id='word_1_94' title='bbox 983 1758 1195 1824; x_wconf 88' lang='lat' dir='ltr'><strong>additamento</strong></span> <span class='ocrx_word' id='word_1_95' title='bbox 1227 1757 1270 1832; x_wconf 83' lang='grc' dir='ltr'><strong>εἰς</strong></span> <span class='ocrx_word' id='word_1_96' title='bbox 1293 1759 1345 1820; x_wconf 80' lang='grc' dir='ltr'><strong>τὸν</strong></span> 
     </span>
     <span class='ocr_line' id='line_1_13' title="bbox 217 1859 1344 1946; baseline 0.003 -25"><span class='ocrx_word' id='word_1_97' title='bbox 217 1859 314 1944; x_wconf 68' lang='grc' dir='ltr'>δῆμον</span> <span class='ocrx_word' id='word_1_98' title='bbox 344 1860 457 1943; x_wconf 85' lang='lat' dir='ltr'><strong>injuria</strong></span> <span class='ocrx_word' id='word_1_99' title='bbox 489 1861 614 1927; x_wconf 90' lang='lat' dir='ltr'><strong>scholiis</strong></span> <span class='ocrx_word' id='word_1_100' title='bbox 646 1861 786 1928; x_wconf 88' lang='lat' dir='ltr'><strong>Platonis</strong></span> <span class='ocrx_word' id='word_1_101' title='bbox 818 1863 1044 1946; x_wconf 85' lang='lat' dir='ltr'><strong>Aeschinisqua</strong></span> <span class='ocrx_word' id='word_1_102' title='bbox 1074 1862 1240 1941; x_wconf 87' lang='lat' dir='ltr'><strong>vindicato,</strong></span> <span class='ocrx_word' id='word_1_103' title='bbox 1277 1859 1344 1943; x_wconf 86' lang='lat' dir='ltr'><strong>jam</strong></span> 
     </span>
     <span class='ocr_line' id='line_1_14' title="bbox 216 1963 605 2031; baseline 0 -4"><span class='ocrx_word' id='word_1_104' title='bbox 216 1963 305 2028; x_wconf 89' lang='lat' dir='ltr'><strong>Blass</strong></span> <span class='ocrx_word' id='word_1_105' title='bbox 327 1964 442 2029; x_wconf 87' lang='lat' dir='ltr'><strong>tacitns</strong></span> <span class='ocrx_word' id='word_1_106' title='bbox 467 1966 605 2031; x_wconf 83' lang='lat' dir='ltr'><strong>correxit.</strong></span> 
     </span>
    </p>
   </div>
   <div class='ocr_carea' id='block_1_3' title="bbox 215 2084 1369 2686">
    <p class='ocr_par' dir='ltr' id='par_1_3' title="bbox 215 2084 1369 2686">
     <span class='ocr_line' id='line_1_15' title="bbox 318 2084 1345 2170; baseline -0.001 -22"><span class='ocrx_word' id='word_1_107' title='bbox 318 2085 467 2150; x_wconf 85' lang='lat' dir='ltr'><strong>Archonti</strong></span> <span class='ocrx_word' id='word_1_108' title='bbox 498 2087 565 2170; x_wconf 86' lang='lat' dir='ltr'><strong>regi</strong></span> <span class='ocrx_word' id='word_1_109' title='bbox 599 2087 722 2169; x_wconf 86' lang='lat' dir='ltr'><strong>practer</strong></span> <span class='ocrx_word' id='word_1_110' title='bbox 757 2087 851 2153; x_wconf 90' lang='lat' dir='ltr'><strong>schol.</strong></span> <span class='ocrx_word' id='word_1_111' title='bbox 889 2087 1015 2154; x_wconf 88' lang='lat' dir='ltr'><strong>Platon.</strong></span> <span class='ocrx_word' id='word_1_112' title='bbox 1046 2088 1078 2152; x_wconf 90' lang='lat' dir='ltr'><strong>et</strong></span> <span class='ocrx_word' id='word_1_113' title='bbox 1112 2085 1236 2168; x_wconf 85' lang='lat' dir='ltr'><strong>Dem.⁴)</strong></span> <span class='ocrx_word' id='word_1_114' title='bbox 1271 2084 1345 2162; x_wconf 89' lang='lat' dir='ltr'><strong>loci,</strong></span> 
     </span>
     <span class='ocr_line' id='line_1_16' title="bbox 216 2187 1344 2273; baseline -0.004 -21"><span class='ocrx_word' id='word_1_115' title='bbox 216 2205 290 2269; x_wconf 89' lang='lat' dir='ltr'><strong>quos</strong></span> <span class='ocrx_word' id='word_1_116' title='bbox 313 2189 448 2253; x_wconf 82' lang='lat' dir='ltr'><strong>conferre</strong></span> <span class='ocrx_word' id='word_1_117' title='bbox 471 2191 636 2271; x_wconf 89' lang='lat' dir='ltr'><strong>possimus,</strong></span> <span class='ocrx_word' id='word_1_118' title='bbox 659 2190 782 2270; x_wconf 89' lang='lat' dir='ltr'><strong>desunt,</strong></span> <span class='ocrx_word' id='word_1_119' title='bbox 806 2191 866 2255; x_wconf 87' lang='lat' dir='ltr'><strong>nisi</strong></span> <span class='ocrx_word' id='word_1_120' title='bbox 889 2189 970 2273; x_wconf 92' lang='lat' dir='ltr'><strong>quod</strong></span> <span class='ocrx_word' id='word_1_121' title='bbox 992 2191 1052 2255; x_wconf 86' lang='lat' dir='ltr'><strong>lex.</strong></span> <span class='ocrx_word' id='word_1_122' title='bbox 1071 2189 1142 2273; x_wconf 85' lang='lat' dir='ltr'><strong>ch.</strong></span> <span class='ocrx_word' id='word_1_123' title='bbox 1159 2189 1197 2253; x_wconf 90' lang='lat' dir='ltr'><strong>V.</strong></span> <span class='ocrx_word' id='word_1_124' title='bbox 1214 2187 1344 2251; x_wconf 61' lang='grc'><strong>21914</strong></span> 
     </span>
     <span class='ocr_line' id='line_1_17' title="bbox 215 2288 1344 2378; baseline -0.002 -25"><span class='ocrx_word' id='word_1_125' title='bbox 215 2288 275 2354; x_wconf 89' lang='lat' dir='ltr'><strong>hnc</strong></span> <span class='ocrx_word' id='word_1_126' title='bbox 305 2291 467 2372; x_wconf 86' lang='lat' dir='ltr'><strong>pertineat.</strong></span> <span class='ocrx_word' id='word_1_127' title='bbox 501 2293 606 2358; x_wconf 91' lang='lat' dir='ltr'><strong>·Nam</strong></span> <span class='ocrx_word' id='word_1_128' title='bbox 636 2292 729 2358; x_wconf 87' lang='lat' dir='ltr'><strong>verba</strong></span> <span class='ocrx_word' id='word_1_129' title='bbox 760 2293 849 2359; x_wconf 88' lang='lat' dir='ltr'><strong>initio</strong></span> <span class='ocrx_word' id='word_1_130' title='bbox 881 2294 983 2376; x_wconf 89' lang='lat' dir='ltr'><strong>posita</strong></span> <span class='ocrx_word' id='word_1_131' title='bbox 1013 2291 1160 2378; x_wconf 80' lang='grc' dir='ltr'>βασιλεὺς</span> <span class='ocrx_word' id='word_1_132' title='bbox 1192 2291 1277 2353; x_wconf 84' lang='grc' dir='ltr'>ἐστιν</span> <span class='ocrx_word' id='word_1_133' title='bbox 1300 2291 1344 2363; x_wconf 87' lang='grc' dir='ltr'><strong>ε1ς</strong></span> 
     </span>
     <span class='ocr_line' id='line_1_18' title="bbox 215 2391 1343 2480; baseline 0.001 -26"><span class='ocrx_word' id='word_1_134' title='bbox 215 2399 277 2456; x_wconf 84' lang='grc' dir='ltr'><strong>τῶν</strong></span> <span class='ocrx_word' id='word_1_135' title='bbox 298 2392 319 2455; x_wconf 91' lang='grc'>9</span> <span class='ocrx_word' id='word_1_136' title='bbox 341 2393 502 2479; x_wconf 80' lang='grc' dir='ltr'>ἀρχόντων</span> <span class='ocrx_word' id='word_1_137' title='bbox 534 2415 630 2479; x_wconf 88' lang='lat' dir='ltr'><strong>aeque</strong></span> <span class='ocrx_word' id='word_1_138' title='bbox 662 2415 697 2461; x_wconf 85' lang='lat' dir='ltr'><strong>ao</strong></span> <span class='ocrx_word' id='word_1_139' title='bbox 728 2397 787 2460; x_wconf 86' lang='lat' dir='ltr'><strong>lox.</strong></span> <span class='ocrx_word' id='word_1_140' title='bbox 811 2396 882 2480; x_wconf 71' lang='lat' dir='ltr'><strong>seg.</strong></span> <span class='ocrx_word' id='word_1_141' title='bbox 906 2396 944 2460; x_wconf 86' lang='lat' dir='ltr'><strong>V.</strong></span> <span class='ocrx_word' id='word_1_142' title='bbox 971 2393 1042 2459; x_wconf 85' lang='lat'><strong>199.</strong></span> <span class='ocrx_word' id='word_1_143' title='bbox 1065 2393 1086 2457; x_wconf 85' lang='lat'>9</span> <span class='ocrx_word' id='word_1_144' title='bbox 1118 2395 1149 2458; x_wconf 89' lang='lat' dir='ltr'><strong>et</strong></span> <span class='ocrx_word' id='word_1_145' title='bbox 1180 2394 1237 2457; x_wconf 85' lang='lat' dir='ltr'><strong>lex.</strong></span> <span class='ocrx_word' id='word_1_146' title='bbox 1272 2391 1343 2474; x_wconf 85' lang='lat' dir='ltr'><strong>Seg.</strong></span> 
     </span>
     <span class='ocr_line' id='line_1_19' title="bbox 216 2495 1369 2586; baseline -0.002 -28"><span class='ocrx_word' id='word_1_147' title='bbox 216 2495 598 2564; x_wconf 72' lang='grc'><strong>11451191111111.</strong></span> <span class='ocrx_word' id='word_1_148' title='bbox 626 2501 696 2564; x_wconf 83' lang='lat'>151.</span> <span class='ocrx_word' id='word_1_149' title='bbox 721 2501 760 2563; x_wconf 95' lang='grc'><strong>11</strong></span> <span class='ocrx_word' id='word_1_150' title='bbox 784 2501 824 2584; x_wconf 75' lang='grc' dir='ltr'><strong>ἠν</strong></span> <span class='ocrx_word' id='word_1_151' title='bbox 848 2499 874 2562; x_wconf 86' lang='grc' dir='ltr'><strong>δ’</strong></span> <span class='ocrx_word' id='word_1_152' title='bbox 896 2500 912 2563; x_wconf 84' lang='grc' dir='ltr'>ὁ</span> <span class='ocrx_word' id='word_1_153' title='bbox 937 2501 1042 2584; x_wconf 83' lang='grc' dir='ltr'>ἄρχων</span> <span class='ocrx_word' id='word_1_154' title='bbox 1067 2505 1128 2562; x_wconf 82' lang='grc' dir='ltr'><strong>τῶν</strong></span> <span class='ocrx_word' id='word_1_155' title='bbox 1150 2497 1171 2557; x_wconf 88' lang='grc'>9</span> <span class='ocrx_word' id='word_1_156' title='bbox 1195 2497 1252 2578; x_wconf 76' lang='grc' dir='ltr'><strong>εἷς,</strong></span> <span class='ocrx_word' id='word_1_157' title='bbox 1283 2495 1369 2586; x_wconf 80' lang='lat' dir='ltr'><strong>len.¹</strong></span> 
     </span>
     <span class='ocr_line' id='line_1_20' title="bbox 216 2597 1342 2686; baseline 0 -25"><span class='ocrx_word' id='word_1_158' title='bbox 216 2597 303 2662; x_wconf 88' lang='lat' dir='ltr'><strong>Dom.</strong></span> <span class='ocrx_word' id='word_1_159' title='bbox 327 2618 357 2681; x_wconf 90' lang='lat' dir='ltr'><strong>p.</strong></span> <span class='ocrx_word' id='word_1_160' title='bbox 385 2599 445 2662; x_wconf 81' lang='lat'><strong>147</strong></span> <span class='ocrx_word' id='word_1_161' title='bbox 477 2600 516 2665; x_wconf 86' lang='lat' dir='ltr'><strong>ad</strong></span> <span class='ocrx_word' id='word_1_162' title='bbox 549 2602 567 2684; x_wconf 68' lang='grc' dir='ltr'>ξ</span> <span class='ocrx_word' id='word_1_163' title='bbox 598 2600 673 2681; x_wconf 81' lang='lat'><strong>264,</strong></span> <span class='ocrx_word' id='word_1_164' title='bbox 704 2602 763 2666; x_wconf 86' lang='lat' dir='ltr'><strong>lex.</strong></span> <span class='ocrx_word' id='word_1_165' title='bbox 788 2603 858 2686; x_wconf 86' lang='lat' dir='ltr'><strong>Sag.</strong></span> <span class='ocrx_word' id='word_1_166' title='bbox 886 2603 923 2668; x_wconf 89' lang='lat' dir='ltr'><strong>V.</strong></span> <span class='ocrx_word' id='word_1_167' title='bbox 945 2599 1018 2663; x_wconf 85' lang='lat'>290.</span> <span class='ocrx_word' id='word_1_168' title='bbox 1043 2599 1095 2679; x_wconf 82' lang='lat'><strong>27,</strong></span> <span class='ocrx_word' id='word_1_169' title='bbox 1126 2599 1224 2680; x_wconf 88' lang='lat' dir='ltr'><strong>Harp.</strong></span> <span class='ocrx_word' id='word_1_170' title='bbox 1257 2617 1280 2663; x_wconf 91' lang='lat' dir='ltr'><strong>s.</strong></span> <span class='ocrx_word' id='word_1_171' title='bbox 1313 2617 1342 2661; x_wconf 93' lang='grc' dir='ltr'><strong>ν.</strong></span> 
     </span>
    </p>
   </div>
   <div class='ocr_carea' id='block_1_4' title="bbox 215 2699 1343 3308">
    <p class='ocr_par' dir='ltr' id='par_1_4' title="bbox 215 2699 1343 3308">
     <span class='ocr_line' id='line_1_21' title="bbox 215 2699 1342 2790; baseline 0.001 -27"><span class='ocrx_word' id='word_1_172' title='bbox 215 2699 414 2787; x_wconf 81' lang='grc' dir='ltr'>πολέμαρχος</span> <span class='ocrx_word' id='word_1_173' title='bbox 437 2705 481 2780; x_wconf 79' lang='grc' dir='ltr'><strong>εἷς</strong></span> <span class='ocrx_word' id='word_1_174' title='bbox 504 2706 602 2770; x_wconf 71' lang='lat' dir='ltr'><strong>adiri)</strong></span> <span class='ocrx_word' id='word_1_175' title='bbox 625 2704 786 2790; x_wconf 77' lang='grc' dir='ltr'>ἀρχόντων</span> <span class='ocrx_word' id='word_1_176' title='bbox 808 2705 949 2770; x_wconf 87' lang='lat' dir='ltr'><strong>indicant</strong></span> <span class='ocrx_word' id='word_1_177' title='bbox 969 2704 1025 2770; x_wconf 90' lang='lat' dir='ltr'><strong>has</strong></span> <span class='ocrx_word' id='word_1_178' title='bbox 1041 2704 1162 2788; x_wconf 83' lang='lat' dir='ltr'><strong>glossas</strong></span> <span class='ocrx_word' id='word_1_179' title='bbox 1178 2705 1342 2784; x_wconf 79' lang='lat' dir='ltr'><strong>augmenta</strong></span> 
     </span>
     <span class='ocr_line' id='line_1_22' title="bbox 216 2805 1339 2892; baseline -0.002 -24"><span class='ocrx_word' id='word_1_180' title='bbox 216 2806 362 2886; x_wconf 79' lang='lat' dir='ltr'><strong>planioris</strong></span> <span class='ocrx_word' id='word_1_181' title='bbox 395 2807 434 2870; x_wconf 87' lang='lat' dir='ltr'><strong>de</strong></span> <span class='ocrx_word' id='word_1_182' title='bbox 467 2811 611 2874; x_wconf 86' lang='lat' dir='ltr'><strong>omnibus</strong></span> <span class='ocrx_word' id='word_1_183' title='bbox 643 2810 846 2874; x_wconf 83' lang='lat' dir='ltr'><strong>arctantibus</strong></span> <span class='ocrx_word' id='word_1_184' title='bbox 879 2812 1006 2892; x_wconf 77' lang='lat' dir='ltr'><strong>glossas</strong></span> <span class='ocrx_word' id='word_1_185' title='bbox 1039 2827 1116 2886; x_wconf 86' lang='lat' dir='ltr'><strong>esse,</strong></span> <span class='ocrx_word' id='word_1_186' title='bbox 1148 2807 1208 2872; x_wconf 90' lang='lat' dir='ltr'><strong>nisi</strong></span> <span class='ocrx_word' id='word_1_187' title='bbox 1240 2805 1339 2870; x_wconf 86' lang='lat' dir='ltr'><strong>fallor.</strong></span> 
     </span>
     <span class='ocr_line' id='line_1_23' title="bbox 215 2907 1343 2997; baseline -0.002 -25"><span class='ocrx_word' id='word_1_188' title='bbox 215 2907 311 2992; x_wconf 87' lang='lat' dir='ltr'><strong>Harp.</strong></span> <span class='ocrx_word' id='word_1_189' title='bbox 333 2929 358 2974; x_wconf 90' lang='lat' dir='ltr'><strong>s.</strong></span> <span class='ocrx_word' id='word_1_190' title='bbox 374 2931 403 2974; x_wconf 85' lang='grc' dir='ltr'><strong>ν.</strong></span> <span class='ocrx_word' id='word_1_191' title='bbox 427 2909 624 2997; x_wconf 72' lang='grc' dir='ltr'>ἐπιμελητὴς</span> <span class='ocrx_word' id='word_1_192' title='bbox 648 2919 708 2976; x_wconf 80' lang='grc' dir='ltr'><strong>τῶν</strong></span> <span class='ocrx_word' id='word_1_193' title='bbox 733 2911 910 2997; x_wconf 82' lang='grc' dir='ltr'>μυστηρίων</span> <span class='ocrx_word' id='word_1_194' title='bbox 933 2913 1057 2976; x_wconf 86' lang='lat' dir='ltr'><strong>auctore</strong></span> <span class='ocrx_word' id='word_1_195' title='bbox 1073 2909 1231 2975; x_wconf 85' lang='lat' dir='ltr'><strong>nominate</strong></span> <span class='ocrx_word' id='word_1_196' title='bbox 1248 2908 1343 2972; x_wconf 83' lang='lat' dir='ltr'><strong>verba</strong></span> 
     </span>
     <span class='ocr_line' id='line_1_24' title="bbox 215 3011 1343 3097; baseline 0 -23"><span class='ocrx_word' id='word_1_197' title='bbox 215 3011 282 3093; x_wconf 88' lang='lat' dir='ltr'><strong>ipsa</strong></span> <span class='ocrx_word' id='word_1_198' title='bbox 304 3014 460 3093; x_wconf 82' lang='lat' dir='ltr'><strong>exscribit,</strong></span> <span class='ocrx_word' id='word_1_199' title='bbox 483 3015 564 3081; x_wconf 90' lang='lat' dir='ltr'><strong>unde</strong></span> <span class='ocrx_word' id='word_1_200' title='bbox 587 3015 674 3080; x_wconf 87' lang='lat' dir='ltr'><strong>Snid.</strong></span> <span class='ocrx_word' id='word_1_201' title='bbox 698 3017 730 3081; x_wconf 91' lang='lat' dir='ltr'><strong>et</strong></span> <span class='ocrx_word' id='word_1_202' title='bbox 753 3015 812 3081; x_wconf 84' lang='lat' dir='ltr'><strong>lex.</strong></span> <span class='ocrx_word' id='word_1_203' title='bbox 827 3015 920 3080; x_wconf 91' lang='lat' dir='ltr'><strong>Vind.</strong></span> <span class='ocrx_word' id='word_1_204' title='bbox 943 3015 987 3094; x_wconf 87' lang='lat' dir='ltr'><strong>gl.</strong></span> <span class='ocrx_word' id='word_1_205' title='bbox 1010 3013 1111 3097; x_wconf 80' lang='lat'>223⁵)</span> <span class='ocrx_word' id='word_1_206' title='bbox 1135 3031 1192 3078; x_wconf 90' lang='lat' dir='ltr'><strong>sua</strong></span> <span class='ocrx_word' id='word_1_207' title='bbox 1214 3011 1343 3094; x_wconf 88' lang='lat' dir='ltr'><strong>quisque</strong></span> 
     </span>
     <span class='ocr_line' id='line_1_25' title="bbox 216 3113 1341 3201; baseline -0.001 -24"><span class='ocrx_word' id='word_1_208' title='bbox 216 3113 316 3191; x_wconf 85' lang='lat' dir='ltr'><strong>habet,</strong></span> <span class='ocrx_word' id='word_1_209' title='bbox 353 3117 414 3181; x_wconf 92' lang='lat' dir='ltr'><strong>nisi</strong></span> <span class='ocrx_word' id='word_1_210' title='bbox 436 3119 517 3200; x_wconf 91' lang='lat' dir='ltr'><strong>quod</strong></span> <span class='ocrx_word' id='word_1_211' title='bbox 540 3119 598 3184; x_wconf 91' lang='lat' dir='ltr'><strong>hoo</strong></span> <span class='ocrx_word' id='word_1_212' title='bbox 620 3117 740 3183; x_wconf 90' lang='lat' dir='ltr'><strong>ultimis</strong></span> <span class='ocrx_word' id='word_1_213' title='bbox 762 3117 864 3183; x_wconf 87' lang='lat' dir='ltr'><strong>verbis</strong></span> <span class='ocrx_word' id='word_1_214' title='bbox 887 3118 1023 3201; x_wconf 90' lang='lat' dir='ltr'><strong>glossam</strong></span> <span class='ocrx_word' id='word_1_215' title='bbox 1047 3115 1341 3199; x_wconf 86' lang='lat' dir='ltr'><strong>Harpocrationcam</strong></span> 
     </span>
     <span class='ocr_line' id='line_1_26' title="bbox 216 3217 1034 3308; baseline 0.006 -29"><span class='ocrx_word' id='word_1_216' title='bbox 216 3217 425 3300; x_wconf 80' lang='lat' dir='ltr'><strong>insequentem</strong></span> <span class='ocrx_word' id='word_1_217' title='bbox 448 3221 645 3308; x_wconf 78' lang='grc' dir='ltr'>ἐπιμελητὴς</span> <span class='ocrx_word' id='word_1_218' title='bbox 669 3221 815 3306; x_wconf 77' lang='grc' dir='ltr'>ἐμπορίου</span> <span class='ocrx_word' id='word_1_219' title='bbox 844 3221 1034 3304; x_wconf 85' lang='lat' dir='ltr'><strong>perstrinxit.</strong></span> 
     </span>
    </p>
   </div>
   <div class='ocr_carea' id='block_1_5' title="bbox 240 3478 470 3485">
    <p class='ocr_par' dir='ltr' id='par_1_5' title="bbox 240 3478 470 3485">
     <span class='ocr_line' id='line_1_27' title="bbox 240 3478 470 3485; baseline 0.009 -2"><span class='ocrx_word' id='word_1_220' title='bbox 240 3478 470 3485; x_wconf 70' lang='lat'>——--.——-—.</span> 
     </span>
    </p>
   </div>
   <div class='ocr_carea' id='block_1_6' title="bbox 215 3636 1340 3796">
    <p class='ocr_par' dir='ltr' id='par_1_6' title="bbox 215 3636 1340 3796">
     <span class='ocr_line' id='line_1_28' title="bbox 317 3636 1340 3710; baseline 0.004 -20"><span class='ocrx_word' id='word_1_221' title='bbox 317 3640 344 3706; x_wconf 85' lang='lat'><strong>1)</strong></span> <span class='ocrx_word' id='word_1_222' title='bbox 363 3636 463 3706; x_wconf 83' lang='lat' dir='ltr'><strong>Opinio</strong></span> <span class='ocrx_word' id='word_1_223' title='bbox 482 3638 634 3708; x_wconf 82' lang='lat' dir='ltr'><strong>Stojentini</strong></span> <span class='ocrx_word' id='word_1_224' title='bbox 662 3642 679 3695; x_wconf 96' lang='lat' dir='ltr'><strong>l.</strong></span> <span class='ocrx_word' id='word_1_225' title='bbox 698 3642 715 3696; x_wconf 93' lang='grc'><strong>1.</strong></span> <span class='ocrx_word' id='word_1_226' title='bbox 734 3655 761 3710; x_wconf 86' lang='lat' dir='ltr'><strong>p.</strong></span> <span class='ocrx_word' id='word_1_227' title='bbox 782 3643 821 3705; x_wconf 91' lang='grc'><strong>11,</strong></span> <span class='ocrx_word' id='word_1_228' title='bbox 849 3641 898 3708; x_wconf 82' lang='lat' dir='ltr'><strong>qui</strong></span> <span class='ocrx_word' id='word_1_229' title='bbox 925 3639 1089 3694; x_wconf 85' lang='lat' dir='ltr'><strong>dubitanter</strong></span> <span class='ocrx_word' id='word_1_230' title='bbox 1117 3639 1230 3706; x_wconf 85' lang='lat' dir='ltr'><strong>qnidam</strong></span> <span class='ocrx_word' id='word_1_231' title='bbox 1252 3639 1340 3694; x_wconf 88' lang='lat' dir='ltr'><strong>schol.</strong></span> 
     </span>
     <span class='ocr_line' id='line_1_29' title="bbox 215 3719 1076 3796; baseline 0.006 -23"><span class='ocrx_word' id='word_1_232' title='bbox 215 3719 321 3778; x_wconf 87' lang='lat' dir='ltr'><strong>Platon.</strong></span> <span class='ocrx_word' id='word_1_233' title='bbox 341 3738 357 3778; x_wconf 88' lang='grc' dir='ltr'>υ</span> <span class='ocrx_word' id='word_1_234' title='bbox 374 3725 490 3779; x_wconf 89' lang='lat' dir='ltr'><strong>Polluce</strong></span> <span class='ocrx_word' id='word_1_235' title='bbox 508 3726 628 3791; x_wconf 87' lang='lat' dir='ltr'><strong>derivat,</strong></span> <span class='ocrx_word' id='word_1_236' title='bbox 647 3728 803 3784; x_wconf 87' lang='lat' dir='ltr'><strong>sustentari</strong></span> <span class='ocrx_word' id='word_1_237' title='bbox 817 3726 878 3796; x_wconf 77' lang='lat' dir='ltr'><strong>ianr</strong></span> <span class='ocrx_word' id='word_1_238' title='bbox 895 3739 954 3780; x_wconf 89' lang='lat' dir='ltr'><strong>non</strong></span> <span class='ocrx_word' id='word_1_239' title='bbox 972 3725 1076 3794; x_wconf 85' lang='lat' dir='ltr'><strong>potest.</strong></span> 
     </span>
    </p>
   </div>
   <div class='ocr_carea' id='block_1_7' title="bbox 316 3824 704 3896">
    <p class='ocr_par' dir='ltr' id='par_1_7' title="bbox 316 3824 704 3896">
     <span class='ocr_line' id='line_1_30' title="bbox 316 3824 704 3896; baseline 0.015 -16"><span class='ocrx_word' id='word_1_240' title='bbox 316 3824 344 3895; x_wconf 81' lang='grc'><strong>2)</strong></span> <span class='ocrx_word' id='word_1_241' title='bbox 362 3829 380 3880; x_wconf 93' lang='grc'><strong>1.</strong></span> <span class='ocrx_word' id='word_1_242' title='bbox 399 3828 538 3896; x_wconf 80' lang='lat' dir='ltr'><strong>l.1r.244.</strong></span> <span class='ocrx_word' id='word_1_243' title='bbox 561 3845 626 3886; x_wconf 89' lang='lat' dir='ltr'><strong>ann.</strong></span> <span class='ocrx_word' id='word_1_244' title='bbox 647 3832 704 3886; x_wconf 83' lang='grc'><strong>111.</strong></span> 
     </span>
    </p>
   </div>
   <div class='ocr_carea' id='block_1_8' title="bbox 316 3930 843 4002">
    <p class='ocr_par' dir='ltr' id='par_1_8' title="bbox 316 3930 843 4002">
     <span class='ocr_line' id='line_1_31' title="bbox 316 3930 843 4002; baseline 0.006 -19"><span class='ocrx_word' id='word_1_245' title='bbox 316 3930 343 3996; x_wconf 84' lang='grc'><strong>3)</strong></span> <span class='ocrx_word' id='word_1_246' title='bbox 361 3933 404 3986; x_wconf 88' lang='lat' dir='ltr'><strong>ed.</strong></span> <span class='ocrx_word' id='word_1_247' title='bbox 422 3933 469 3987; x_wconf 83' lang='lat' dir='ltr'><strong>Ar.</strong></span> <span class='ocrx_word' id='word_1_248' title='bbox 488 3933 512 3988; x_wconf 93' lang='grc'><strong>11</strong></span> <span class='ocrx_word' id='word_1_249' title='bbox 531 3947 592 4002; x_wconf 80' lang='grc' dir='ltr'><strong>ουρ.</strong></span> <span class='ocrx_word' id='word_1_250' title='bbox 609 3934 651 3989; x_wconf 80' lang='grc'><strong>69.</strong></span> <span class='ocrx_word' id='word_1_251' title='bbox 673 3948 699 3986; x_wconf 84' lang='grc' dir='ltr'><strong>ν.</strong></span> <span class='ocrx_word' id='word_1_252' title='bbox 720 3934 761 3988; x_wconf 88' lang='grc'><strong>16,</strong></span> <span class='ocrx_word' id='word_1_253' title='bbox 780 3948 843 3988; x_wconf 90' lang='lat' dir='ltr'><strong>ann.</strong></span> 
     </span>
    </p>
   </div>
   <div class='ocr_carea' id='block_1_9' title="bbox 213 4031 1343 4362">
    <p class='ocr_par' dir='ltr' id='par_1_9' title="bbox 213 4031 1343 4362">
     <span class='ocr_line' id='line_1_32' title="bbox 314 4031 1343 4105; baseline -0.005 -17"><span class='ocrx_word' id='word_1_254' title='bbox 314 4035 341 4102; x_wconf 82' lang='lat'><strong>4)</strong></span> <span class='ocrx_word' id='word_1_255' title='bbox 359 4035 459 4090; x_wconf 84' lang='lat' dir='ltr'><strong>Finem</strong></span> <span class='ocrx_word' id='word_1_256' title='bbox 484 4036 599 4103; x_wconf 81' lang='lat' dir='ltr'><strong>glossae</strong></span> <span class='ocrx_word' id='word_1_257' title='bbox 615 4035 697 4090; x_wconf 87' lang='lat' dir='ltr'><strong>Phot.</strong></span> <span class='ocrx_word' id='word_1_258' title='bbox 725 4050 747 4090; x_wconf 87' lang='lat' dir='ltr'><strong>s.</strong></span> <span class='ocrx_word' id='word_1_259' title='bbox 770 4050 797 4089; x_wconf 91' lang='grc' dir='ltr'><strong>ν.</strong></span> <span class='ocrx_word' id='word_1_260' title='bbox 825 4035 952 4105; x_wconf 71' lang='grc' dir='ltr'><strong>ἡγεμονία</strong></span> <span class='ocrx_word' id='word_1_261' title='bbox 978 4031 1229 4101; x_wconf 62' lang='lat' dir='ltr'><strong>dinannensium</strong></span> <span class='ocrx_word' id='word_1_262' title='bbox 1256 4044 1343 4098; x_wconf 84' lang='lat' dir='ltr'><strong>supra</strong></span> 
     </span>
     <span class='ocr_line' id='line_1_33' title="bbox 213 4116 1340 4190; baseline -0.005 -15"><span class='ocrx_word' id='word_1_263' title='bbox 213 4133 238 4186; x_wconf 83' lang='lat' dir='ltr'><strong>p.</strong></span> <span class='ocrx_word' id='word_1_264' title='bbox 258 4120 288 4174; x_wconf 82' lang='lat'><strong>71</strong></span> <span class='ocrx_word' id='word_1_265' title='bbox 307 4123 415 4186; x_wconf 82' lang='lat' dir='ltr'><strong>notavi,</strong></span> <span class='ocrx_word' id='word_1_266' title='bbox 434 4136 526 4190; x_wconf 88' lang='lat' dir='ltr'><strong>neque</strong></span> <span class='ocrx_word' id='word_1_267' title='bbox 546 4123 707 4190; x_wconf 87' lang='lat' dir='ltr'><strong>discrepant</strong></span> <span class='ocrx_word' id='word_1_268' title='bbox 725 4123 760 4176; x_wconf 88' lang='lat' dir='ltr'><strong>ab</strong></span> <span class='ocrx_word' id='word_1_269' title='bbox 769 4119 932 4186; x_wconf 87' lang='lat' dir='ltr'><strong>Aristotele,</strong></span> <span class='ocrx_word' id='word_1_270' title='bbox 951 4134 1024 4188; x_wconf 87' lang='lat' dir='ltr'><strong>quae</strong></span> <span class='ocrx_word' id='word_1_271' title='bbox 1042 4133 1085 4187; x_wconf 86' lang='lat' dir='ltr'><strong>ap.</strong></span> <span class='ocrx_word' id='word_1_272' title='bbox 1105 4118 1193 4172; x_wconf 90' lang='lat' dir='ltr'><strong>schol.</strong></span> <span class='ocrx_word' id='word_1_273' title='bbox 1211 4116 1259 4170; x_wconf 88' lang='lat' dir='ltr'><strong>Ar.</strong></span> <span class='ocrx_word' id='word_1_274' title='bbox 1272 4116 1340 4170; x_wconf 84' lang='lat' dir='ltr'><strong>Aah·</strong></span> 
     </span>
     <span class='ocr_line' id='line_1_34' title="bbox 217 4202 1341 4278; baseline -0.008 -18"><span class='ocrx_word' id='word_1_275' title='bbox 217 4206 281 4260; x_wconf 77' lang='lat'>1224</span> <span class='ocrx_word' id='word_1_276' title='bbox 298 4207 436 4275; x_wconf 77' lang='lat' dir='ltr'><strong>legimus:</strong></span> <span class='ocrx_word' id='word_1_277' title='bbox 460 4207 534 4260; x_wconf 70' lang='lat' dir='ltr'><strong>odsi</strong></span> <span class='ocrx_word' id='word_1_278' title='bbox 559 4207 687 4272; x_wconf 82' lang='grc' dir='ltr'><em>βασιλεὺς</em></span> <span class='ocrx_word' id='word_1_279' title='bbox 702 4207 774 4278; x_wconf 76' lang='grc' dir='ltr'><strong>ἀρχή</strong></span> <span class='ocrx_word' id='word_1_280' title='bbox 792 4208 834 4267; x_wconf 83' lang='grc' dir='ltr'><strong>τίς</strong></span> <span class='ocrx_word' id='word_1_281' title='bbox 849 4209 920 4259; x_wconf 79' lang='grc' dir='ltr'>ἐστιν</span> <span class='ocrx_word' id='word_1_282' title='bbox 939 4247 945 4262; x_wconf 89' lang='grc'><strong>.</strong></span> <span class='ocrx_word' id='word_1_283' title='bbox 964 4206 995 4274; x_wconf 75' lang='grc' dir='ltr'><strong>ἦν</strong></span> <span class='ocrx_word' id='word_1_284' title='bbox 1013 4205 1044 4256; x_wconf 74' lang='grc' dir='ltr'><strong>δὲ</strong></span> <span class='ocrx_word' id='word_1_285' title='bbox 1062 4204 1173 4256; x_wconf 76' lang='grc' dir='ltr'>καὶτῶν</span> <span class='ocrx_word' id='word_1_286' title='bbox 1190 4202 1341 4270; x_wconf 77' lang='grc' dir='ltr'>μυστηρίων</span> 
     </span>
     <span class='ocr_line' id='line_1_35' title="bbox 214 4291 1029 4362; baseline 0.007 -22"><span class='ocrx_word' id='word_1_287' title='bbox 214 4291 380 4362; x_wconf 80' lang='grc' dir='ltr'><strong>ἐπιμελητής,</strong></span> <span class='ocrx_word' id='word_1_288' title='bbox 397 4297 449 4346; x_wconf 84' lang='grc' dir='ltr'><strong>τῶν</strong></span> <span class='ocrx_word' id='word_1_289' title='bbox 468 4298 578 4358; x_wconf 84' lang='grc' dir='ltr'>πομπῶν</span> <span class='ocrx_word' id='word_1_290' title='bbox 596 4293 627 4346; x_wconf 77' lang='grc' dir='ltr'><strong>δὲ</strong></span> <span class='ocrx_word' id='word_1_291' title='bbox 646 4293 757 4346; x_wconf 75' lang='grc' dir='ltr'>καὶτῶν</span> <span class='ocrx_word' id='word_1_292' title='bbox 776 4295 872 4346; x_wconf 65' lang='grc' dir='ltr'>θυσιῶν</span> <span class='ocrx_word' id='word_1_293' title='bbox 891 4293 922 4344; x_wconf 71' lang='grc' dir='ltr'><strong>δὲ</strong></span> <span class='ocrx_word' id='word_1_294' title='bbox 941 4293 1029 4362; x_wconf 80' lang='grc' dir='ltr'><strong>ἦρχεν.</strong></span> 
     </span>
    </p>
   </div>
   <div class='ocr_carea' id='block_1_10' title="bbox 314 4395 672 4464">
    <p class='ocr_par' dir='ltr' id='par_1_10' title="bbox 314 4395 672 4464">
     <span class='ocr_line' id='line_1_36' title="bbox 314 4395 672 4464; baseline 0 -15"><span class='ocrx_word' id='word_1_295' title='bbox 314 4395 342 4462; x_wconf 83' lang='grc'><strong>5)</strong></span> <span class='ocrx_word' id='word_1_296' title='bbox 361 4397 402 4450; x_wconf 88' lang='lat' dir='ltr'><strong>ed.</strong></span> <span class='ocrx_word' id='word_1_297' title='bbox 421 4395 521 4451; x_wconf 89' lang='lat' dir='ltr'><strong>Nauck</strong></span> <span class='ocrx_word' id='word_1_298' title='bbox 540 4412 566 4464; x_wconf 88' lang='lat' dir='ltr'><strong>p.</strong></span> <span class='ocrx_word' id='word_1_299' title='bbox 585 4396 627 4450; x_wconf 82' lang='lat'><strong>84.</strong></span> <span class='ocrx_word' id='word_1_300' title='bbox 649 4401 672 4449; x_wconf 89' lang='lat'><strong>1.</strong></span> 
     </span>
    </p>
   </div>
   <div class='ocr_carea' id='block_1_11' title="bbox 0 0 1702 5278">
    <p class='ocr_par' dir='ltr' id='par_1_11' title="bbox 0 0 1702 5278">
     <span class='ocr_line' id='line_1_37' title="bbox 0 0 1702 5278; baseline 0 1"><span class='ocrx_word' id='word_1_301' title='bbox 0 0 1702 5278; x_wconf 95' lang='lat' dir='ltr'><strong> </strong></span> 
     </span>
    </p>
   </div>
  </div>
 </body>
</html>
