3396 5278
856 509 919 576 122

242 715 328 781 Suid.
353 736 379 823 ⁸:
402 737 430 781 v.
455 738 515 782 πα·
558 719 648 824 Ρίιρί.
684 739 710 782 ο.
743 738 769 782 ν.
805 740 865 780 πα·
938 718 1013 781 Lex.
1038 717 1112 798 8ος.
1137 717 1172 780 V.

325 823 431 886 τρῳων
550 803 865 973 ,τρφχφνχατφρχτᾱρήων
977 805 1056 868 -397,
1080 804 1137 868 30.

222 1033 354 1109 πατρῷα
384 1025 531 1111 λέγουσιν
556 1034 689 1110 πατρῷα
719 1026 864 1110 λέγουσιν
902 1024 1055 1110 πατρῴων
1078 1027 1133 1089 καὶ
1150 1045 1209 1088 πα-

222 1129 250 1192 οί
281 1129 421 1214 ῥήτορες,
454 1131 530 1193 ὅταν
557 1129 585 1192 σί
614 1129 755 1212 παλαιοί,
789 1131 864 1193 ὅταν
903 1128 992 1213 πρίων
1023 1131 1078 1192 καὶ
1101 1149 1210 1212 πατρι-

223 1233 329 1308 αὐτοίς
353 1231 370 1295 ὁ
392 1231 529 1316 λῶχοςή
557 1235 664 1310 αὐτοῖς
686 1233 702 1296 ὁ
725 1233 819 1316 λόγος
842 1233 862 1315 ή
903 1239 979 1296 κῶν.
1005 1240 1137 1315 πατρῷα
1159 1230 1210 1296 λέ-

222 1337 292 1419 περί
313 1335 486 1420 χρημάτων
507 1337 529 1420 ή
556 1339 625 1420 περὶ
647 1337 820 1422 χρημάτων
842 1339 863 1422 ή
901 1355 1009 1419 γουσιν
1032 1334 1060 1398 οί
1081 1334 1211 1420 ῥήτορες

223 1437 337 1502 τόπων.
392 1437 526 1516 Ἰσαῖος·
556 1439 693 1504 τόπων·
768 1443 866 1517 οὕτως
901 1438 1053 1525 χρήματα
1066 1437 1209 1522 καὶκτή-

222 1541 385 1626 ἀποφαίνω
413 1543 474 1625 γὰρ
497 1542 530 1604 ὑ·
556 1541 671 1618 Ἰσαῖος
730 1543 764 1606 ἐν
820 1550 865 1626 τῷ
903 1561 988 1626 ματα
1010 1544 1066 1605 καί
1082 1541 1208 1624 τόπους,

223 1654 287 1730 μῖν,
317 1644 358 1720 ὡς
380 1645 439 1708 οὐκ
462 1646 530 1708 ἐστι
555 1649 631 1732 πρὸς
662 1645 810 1710 Διοκλέα.

223 1758 280 1832 τής
302 1747 477 1832 ἐπικλήρου
493 1750 529 1811 τὸ

222 1850 337 1936 χωρίον
347 1860 452 1933 τοῦτο,
466 1849 530 1915 οὐδ’

222 1953 348 2038 ἐγένετο
385 1952 527 2035 πώποτε,

223 2054 296 2120 ἀλλ’
328 2055 369 2132 ὡς
400 2057 440 2140 ήν
470 2077 529 2119 πα-

223 2168 321 2243 τρῷον
364 2157 531 2242 Λυσιμὲνει

224 2269 267 2346 τῷ
304 2265 399 2348 πατρὶ
432 2261 530 2328 Μενε-

223 2365 376 2448 κράτους·
396 2367 457 2430 ὁδὲ
467 2364 530 2432 Λυ-

224 2469 351 2556 σιμένης
382 2471 460 2556 ἔσχε
491 2472 531 2533 τὰ

223 2580 354 2656 πατρῷα
412 2574 527 2638 πάντα.

223 2675 345 2759 flamm
357 2675 390 2738 δὲ
402 2675 530 2760 λέγουσι
557 2657 672 2742 πάτρια
691 2656 724 2720 δὲ
743 2657 783 2720 τὰ
800 2657 864 2740 ἔθνη
902 2659 1018 2742 πάτρια
1041 2659 1074 2723 δὲ
1091 2654 1131 2722 τὰ
1146 2659 1210 2744 ἔθη

222 2781 263 2841 τὰ
295 2777 360 2864 ἔθη
399 2782 454 2842 nat
491 2781 531 2842 t&
558 2764 614 2824 καί
629 2763 669 2824 τὰ
684 2759 799 2844 νόμιμα
812 2761 867 2822 καί
902 2765 957 2826 καί
973 2765 1013 2825 τὰ
1029 2763 1142 2848 νόμιμα
1157 2765 1211 2826 καὶ

222 2881 337 2966 νόμιμα
352 2883 407 2945 καὶ
423 2884 530 2967 Qu.
558 2867 599 2928 τὰ
623 2863 780 2950 μυστήρια
812 2865 867 2926 καί
903 2868 942 2930 τοί
966 2866 1122 2952 μυστήρια
1157 2869 1211 2930 καί

223 2984 336 3068 στήρια
380 2987 435 3048 καί
475 2988 530 3060 τοὶς
558 2970 614 3070 Ῥὰς
657 2966 778 3050 aptast,
826 2965 867 3043 ὡς
902 2972 958 3045 τὰς
981 2969 1102 3056 {mh

222 3087 342 3171 ἑορτάς.
360 3087 526 3172 Ἀντιφῶν·
558 3069 726 3154 Ἀντιφῶν·

222 3189 324 3254 Τοῦτο
346 3191 381 3254 δὲ
396 3194 467 3268 τοὺς
482 3190 529 3255 νῶ-

221 3316 297 3378 μους
320 3295 406 3370 εἰδὼς
421 3293 529 3378 πατρί-

220 3418 274 3473 ους
295 3400 351 3460 καί
376 3397 530 3474 παλαιοὺς

221 3501 313 3577 ὄντας
338 3501 422 3585 ὑμῖν.
462 3501 528 3566 Πα-

220 3605 325 3687 τρικὸν
362 3593 414 3689 δέ,
454 3607 530 3669 ὅταν
557 3601 725 3684 Πατρικῶν
740 3601 774 3664 δὲ
790 3603 866 3666 ὅταν
901 3610 1053 3691 πατρικὸν
1070 3607 1103 3670 δὲ
1120 3607 1210 3692 φίλον

220 3708 291 3789 περί
360 3707 528 3792 προσώπου
557 3707 626 3789 περί
691 3705 865 3789 προσώπων
901 3709 1078 3794 ήέχθρόν.

220 3817 369 3874 ποιῶνται
401 3814 453 3875 τὸν
476 3811 528 3875 λό-
557 3815 706 3872 ποιῶνται
736 3810 790 3872 τὸν
812 3807 864 3872 λό-

219 3934 287 3996 γον.
330 3913 396 3978 Καὶ
412 3914 529 3978 τούτων
556 3933 623 3996 γον,
649 3910 690 3986 ὡς
710 3909 865 3997 Αἰσχίνης

220 4016 376 4100 ἀξιωθείς,
411 4017 462 4080 διὰ
493 4020 528 4080 τὸ
556 4013 589 4078 ἐν
612 4021 657 4096 τῷ
674 4015 760 4077 κατὰ
774 4014 864 4100 Κτή-

220 4122 370 4204 πατρικὸς
382 4121 467 4204 αὐτῷ
480 4119 528 4203 φί-
556 4125 718 4201 σιφῶντος.

220 4223 273 4300 λος
290 4224 380 4288 είναι.
414 4222 527 4308 Αἰσχί-

220 4348 275 4412 νης
305 4327 339 4392 ἐν
369 4335 413 4411 τῷ
443 4329 528 4390 κατὰ

219 4428 458 4516 Κτησιφῶντος.

1248 716 1342 781 Μίυίι.
1361 717 1455 780 Ροοίί.
1478 715 1565 798 §43
1685 803 1687 832 φ

1247 921 1369 986 inverso
1451 920 1564 986 ordine

1251 1023 1399 1107 ,πάτριαι
1455 1025 1565 1107 inquit
1687 1087 1688 1094 ,

1251 1128 1296 1212 ,δὲ
1334 1129 1389 1192 καὶ
1426 1134 1564 1210 πατρῷα

1530 1229 1539 1251 ι

1247 1229 1313 1294 οὔτ’
1335 1231 1418 1294 αὐτὰ
1450 1229 1477 1292 οἱ
1500 1229 1544 1314 ῥή

1248 1334 1473 1416 τσρεςσίονται·
1500 1333 1562 1396 ἀλ·
1688 1295 1689 1360 ί

1248 1436 1290 1500 λὰ
1312 1435 1428 1519 πάτρια
1445 1437 1500 1520 μὲν
1515 1439 1562 1500 τὰ

1247 1541 1312 1624 ἔθη
1345 1541 1402 1604 καὶ
1433 1542 1472 1602 τὰ
1507 1538 1562 1602 νό-
1689 1575 1690 1632 3

1248 1663 1326 1728 μιμα
1350 1644 1406 1708 καὶ
1436 1643 1476 1706 τὰ
1499 1663 1561 1726 μυ-
1689 1647 1690 1650 ’

1248 1745 1362 1832 ατήρια
1402 1747 1457 1810 καί
1500 1747 1562 1820 τὰς

1247 1849 1356 1934 ἑορτὰς
1387 1849 1562 1934 ὀνομάζου-

1249 1975 1300 2035 σι,
1347 1959 1478 2035 πατρῷα
1522 1951 1562 2014 δὲ

1248 2059 1302 2120 τὸν
1325 2055 1412 2119 οίκον
1439 2057 1493 2117 καὶ
1516 2058 1562 2117 τὰ
1691 2099 1692 2138 3

1248 2158 1349 2244 χωρία
1361 2158 1561 2242 καίτὰχρή-
1691 2155 1692 2158 ’

1249 2265 1359 2348 ματα(
