3408 5276
882 561 923 626 20

442 763 518 828 Uter
548 781 655 828 verum
679 765 817 828 ordinem
841 765 1016 843 servaverit,
1050 765 1253 849 Etymolegus
1276 785 1315 831 an
1338 767 1467 833 Lariso-

338 866 483 949 grephus
508 866 619 930 dubius
643 866 760 932 haereo.
806 867 887 932 Nam
910 868 969 932 etsi
991 867 1062 932 huie
1085 868 1195 932 Nauck
1211 871 1231 952 ')
1254 888 1374 934 summo
1393 870 1469 953 jure

339 969 474 1052 palmam
499 971 651 1036 stultitiae
674 972 755 1036 inter
770 971 908 1038 homiues
923 973 1014 1038 istius
1030 972 1060 1036 h.
1078 991 1103 1037 e.
1121 973 1362 1056 Byzantinorum
1378 974 1463 1039 aeta·

338 1073 379 1137 tis
402 1073 513 1138 tribuit
536 1076 567 1138 et-
588 1074 680 1140 huius
705 1075 856 1153 „virtutes
880 1077 984 1141 nullae
1006 1075 1086 1154 sunt,
1110 1076 1187 1140 vitia
1201 1077 1371 1152 innumera,
1396 1083 1462 1140 stu-

339 1185 394 1258 pbr
415 1176 637 1253 incredibilis‘,
671 1177 774 1242 tamen
807 1197 876 1242 mox
899 1178 1090 1256 videbimus,
1123 1180 1154 1242 et
1185 1178 1277 1244 illum
1308 1180 1464 1246 similibus

339 1279 433 1344 vitiis
447 1298 506 1343 uon
523 1297 640 1345 vacare.
677 1278 788 1361 ltaque
804 1278 870 1343 fieri
886 1282 998 1362 potest,
1021 1281 1057 1345 ut
1071 1279 1274 1363 Etymologus
1289 1283 1321 1345 et
1336 1281 1468 1346 lexico--

338 1383 473 1466 graphas
497 1383 536 1447 ad
559 1381 689 1447 eundem
712 1383 826 1448 lentem
849 1384 1030 1449 referantur.

442 1485 585 1551 Ceterum
621 1486 711 1550 unius
743 1486 804 1550 loei
836 1486 954 1550 ratione
985 1485 1092 1550 babila
1123 1486 1200 1550 uerti
1230 1485 1348 1568 aliquid
1378 1485 1463 1550 affir-

339 1609 421 1654 mare
452 1591 599 1655 temerius
632 1591 679 1653 est
710 1607 807 1671 neque
844 1607 924 1652 nune
962 1587 1060 1652 lentes
1097 1588 1154 1652 lex.
1188 1587 1284 1654 Vind.
1322 1607 1469 1670 persora-1

206 1709 210 1723 ⁸
337 1696 398 1758 turi
429 1693 492 1772 sed,
525 1711 617 1775 quam
648 1693 723 1756 vilia
754 1692 833 1769 sint,
869 1710 946 1774 quae
970 1691 1171 1776 Etymulogus
1203 1691 1242 1756 ad
1273 1692 1463 1772 respublicas

337 1815 463 1880 graecas
486 1796 713 1876 cognoscendas
737 1796 853 1874 afferat,
877 1797 1005 1878 probare
1021 1795 1139 1860 studeo.
1184 1795 1292 1878 Neque
1307 1815 1465 1878 repugna·
1496 1803 1499 1812 ⁴

338 1900 394 1977 bis,
419 1900 519 1975 ereda,
552 1905 578 1963 si
605 1918 725 1965 mecum
749 1899 1000 1975 consideraveris,
1032 1899 1163 1980 quaein
1187 1897 1236 1962 Et.
1261 1899 1305 1963 M.
1329 1899 1385 1963 sub
1409 1917 1467 1964 vo·-

339 2001 425 2065 uibus
449 2000 639 2086 ἐπίσταθμοι
662 2005 693 2066 et
715 1999 880 2064 ἐπιστάται
904 2001 1044 2080 legimus
1069 2001 1204 2082 undique
1228 2019 1368 2065 corrasa:

341 2190 388 2254 ει.
415 2191 457 2253 u.
478 2171 558 2256 'ase
584 2192 627 2254 aa
661 2190 873 2276 επισταομοι·
923 2193 985 2256 ux.
1021 2193 1094 2272 seq.
1128 2192 1165 2256 ν.
1191 2193 1271 2256 aaa.
1296 2193 1339 2256 22
1375 2189 1462 2253 ’uer-

339 2291 487 2377 ἄρχοντές
533 2293 591 2356 εἰσι
635 2296 720 2378 παρά
764 2297 799 2357 τὸ
844 2295 877 2358 ἐν
923 2295 1082 2378 σταθμοι·
1109 2294 1137 2357 οἱ
1160 2297 1310 2379 ἄρχοντες
1333 2297 1388 2358 καὶ
1407 2315 1462 2356 σα·

339 2396 494 2481 σταθμοῖς
532 2398 609 2461 εἶναι
641 2396 873 2481 ὠνομασμένοι.
923 2395 1049 2480 τράπαι,
1075 2396 1103 2459 οἱ
1126 2397 1317 2481 κατέχοντες
1340 2397 1464 2482 βασιλεῖ

340 2499 478 2584 σταθμοὶ
510 2498 543 2560 δέ
576 2500 651 2562 εἰσιν
674 2500 705 2561 αἱ
729 2522 876 2582 καταγω-
924 2503 979 2574 τὰς
1002 2498 1162 2583 ὑπηκόους
1181 2497 1298 2580 πόλεις,
1324 2501 1410 2580 παρά
1427 2500 1468 2559 τὸ.

338 2601 404 2686 γαί.
431 2599 608 2684 Ἀρμοστάς
631 2601 664 2664 δὲ
684 2605 754 2676 τοὺς
777 2602 876 2664 τοιού·
923 2601 975 2664 ἐπὶ
990 2611 1054 2677 τοῖς
1069 2601 1225 2686 σταθμοῖς
1241 2601 1341 2665 εῖναι·
1361 2601 1461 2664 σταθ-

339 2724 410 2779 τους
439 2703 680 2789 Λακεδαιμόνιοι
712 2703 873 2766 καλοῦσιν.
924 2706 974 2788 μοὶ
1006 2703 1039 2766 δέ
1071 2703 1103 2766 αἱ
1135 2703 1342 2788 καταγωγαί.
1377 2704 1405 2768 οἱ
1428 2705 1462 2767 δὲ

341 2809 387 2873 [r.
414 2810 458 2872 Μ.
485 2811 564 2874 364.
583 2811 627 2874 39
649 2805 874 2892 Ἐπίσταθμοι·
921 2805 1161 2892 Λακεδαιμόνιοι
1199 2810 1269 2883 τοὺς
1305 2809 1462 2883 τοιούτους

338 2911 366 2975 οἱ
390 2911 548 2995 σατράπαι
570 2910 598 2974 οἱ
616 2908 808 2994 κατέχοντες
823 2911 877 2996 βα·
923 2911 1080 2995 ἁρμοστάς
1107 2910 1255 2975 ἐκάλουν.

340 3014 421 3078 σιλεῐ
448 3017 503 3090 τάς
529 3013 735 3099 ὑποκειμένας
757 3013 875 3090 πόλεις.
925 3033 1022 3115 flam,
1049 3031 1129 3115 Ερῑς,
1164 3050 1188 3095 s,
1216 3052 1244 3095 v,
1277 3031 1460 3117 ἐπιστάτης·

340 3119 387 3182 [r.
415 3119 458 3184 Μ.
477 3121 557 3183 364.
575 3120 610 3182 4Ι
635 3117 800 3180 ἐπιστάται
823 3117 878 3180 δύο
925 3134 979 3197 δύο·
994 3136 1078 3219 ἦσαν
1092 3133 1283 3220 Ἀθήνησιν,
1308 3135 1352 3199 ὠν
1374 3135 1469 3220 ὁμὲν·

339 3222 422 3305 ἦσαν
444 3219 634 3305 Ἀθήνησιν,
661 3221 702 3283 ὢν
725 3221 741 3283 ὁ
761 3221 816 3305 μὲν
840 3221 878 3282 ἐκ
925 3238 963 3301 ἐκ
995 3237 1174 3321 πρυτάνεων
1210 3237 1408 3322 ἐκληροῦτο,
1446 3237 1468 3301 ὁ

338 3324 516 3408 πρυτάνεων
533 3323 719 3412 ἐκληροῦτο,
746 3323 818 3386 ὀδέ
840 3325 878 3388 ἐκ
926 3341 959 3404 δὲ
983 3341 1021 3403 ἐκ
1044 3339 1209 3425 προέδρων·
1258 3341 1347 3406 Suid.
1378 3361 1406 3408 a.
1431 3362 1460 3404 ν.

340 3426 506 3509 προέδρων·
925 3443 999 3527 gib
1023 3443 1073 3526 (cf.
1090 3443 1245 3526 Telephus
1260 3462 1309 3525 ap.
1320 3427 1468 3510 Eustath..

924 3549 955 3612 in
973 3546 1030 3612 Od.
1046 3545 1138 3629 9455
1154 3565 1184 3627 μ.
1202 3546 1293 3610 1827.
1309 3547 1468 3630 51-5rr..

339 3633 493 3719 φυλάσσει
537 3633 571 3697 δὲ
616 3645 671 3699 τοῦ
703 3635 783 3719 ἱεροῦ
824 3639 879 3711 τὰς
926 3648 1080 3733 φυλάσσει
1116 3648 1150 3711 δέ
1191 3657 1245 3712 τοῦ
1290 3648 1371 3733 ἱεροῦ
1409 3653 1464 3727 τάς

339 3739 427 3814 κλεῖς
458 3739 491 3802 ἐν
523 3738 547 3820 ᾧ
579 3739 619 3800 τά
642 3738 778 3823 δημόσια
800 3739 878 3822 χρή·
925 3751 1025 3834 κλεῖς,
1059 3750 1092 3814 ἐν
1115 3751 1139 3834 ᾧ
1163 3753 1203 3815 τὰ
1226 3751 1361 3838 δημόσια
1383 3754 1463 3839 χρή.

340 3862 436 3925 ματα·
463 3842 508 3903 ἔτι
533 3841 595 3924 μὴν
619 3843 673 3904 καὶ
703 3843 760 3925 τήν
783 3840 879 3926 δημο-
926 3875 1023 3939 ματα,
1053 3854 1099 3916 ἔτι
1123 3855 1185 3939 μὴν
1208 3857 1263 3919 καὶ
1286 3859 1344 3942 τὴν
1367 3857 1467 3944 δημοι

341 3942 544 4026 σφραγίδαῖ).
927 3957 996 4021 σίαν
1019 3957 1188 4040 σφραγῖδα.

340 4079 467 4163 λέγεται
501 4080 533 4142 δὲ
565 4083 620 4144 καὶ
651 4081 875 4166 ὁέφεστηκὼς
900 4120 902 4215 μ
927 4080 1023 4162 Ηοτμ.
1050 4079 1131 4161 [pu.
1166 4097 1189 4144 s.
1223 4079 1242 4142 f.
1276 4078 1406 4163 ἐλέγετο
1429 4078 1467 4141 δὲ

444 4406 470 4472 1)
489 4404 620 4472 Prolegg.
639 4419 664 4472 p.
683 4403 755 4457 Xlll.
1421 4427 1426 4434 ,

443 4491 469 4558 2)
488 4490 519 4544 ln
538 4491 598 4544 eod.
617 4489 692 4544 Flor.
711 4490 753 4544 ed.
773 4488 862 4542 bliller
880 4503 905 4556 p.
926 4489 976 4544 123
993 4489 1114 4555 legimus
1133 4487 1260 4558 δημοσίαν
1277 4488 1420 4556 σφραγῖδα.
