3408 5276
760 533 804 598 63

221 742 281 807 lex.
312 737 383 822 Sag.
415 737 469 802 VI.
501 737 575 802 410.
606 737 641 822 3)
672 739 856 824 ἀντιγραφεῖ
885 738 1088 806 Philochoreo
1119 741 1264 822 opposuit
1294 741 1350 806 aui

221 847 288 931 jam
310 841 485 926 oppositum
508 842 638 910 invenit.
673 841 762 922 Quod
779 844 805 910 si
821 843 1008 924 accepimus,
1033 843 1124 908 facile
1145 843 1347 927 intellegitur,

223 967 288 1032 qua
307 965 341 1012 re
356 945 469 1012 Pollux
491 948 662 1012 commotus
684 946 735 1022 sii,
759 948 795 1011 ul
817 965 861 1024 ea,
886 965 964 1028 quae
980 946 1167 1012 Aristoteles
1192 946 1228 1012 de
1250 967 1348 1032 γραμ-

224 1058 319 1137 ματεῖ
340 1051 426 1113 κατὰ
447 1049 632 1133 πρυτανείαν
655 1047 739 1129 dicii,
763 1049 803 1115 ad
826 1049 1115 1131 contrascriplorom
1137 1049 1267 1117 reserat:

355 1234 486 1300 Aristoi.
512 1237 570 1301 54.
595 1237 628 1298 3.
950 1236 1032 1300 ΡοΙΙ.
1059 1235 1208 1300 1111198.

225 1387 554 1473 (γραμματεὺςὸκατά
563 1385 762 1472 πρυτανείαν)
808 1389 1013 1473 ἀντιγραφεὺς
1044 1387 1194 1474 πρότερον
1224 1391 1280 1475 μὲν
1302 1389 1349 1454 αἱ·

225 1491 330 1556 τᾶλλα
351 1491 455 1555 πάντα
473 1491 764 1575 ἀντιγράρεταιααὶ
808 1495 894 1574 ρετὸς
926 1491 1019 1568 αὐθις
1053 1491 1087 1554 δὲ
1110 1491 1273 1577 κληρωτὸς
1295 1495 1347 1578 ἠν,

225 1595 457 1680 παρακάθηται
472 1603 512 1678 τῇ
524 1593 635 1682 βουλῇ.
654 1592 763 1678 aphra·
807 1597 863 1658 καὶ
884 1595 993 1658 πάντα
1015 1587 1228 1679 ἀντεγράφετο
1249 1617 1349 1680 παρα-

224 1721 278 1785 ρον
302 1699 357 1784 μὲν
379 1700 432 1762 οὖν
454 1700 543 1774 οὗτος
564 1699 605 1782 ἠν
623 1719 763 1782 χειροτο-
807 1697 994 1782 καθήμενος
1016 1708 1055 1784 τῇ
1081 1698 1192 1785 βουλῇ.

228 1801 333 1889 νητὸς.

326 1989 427 2068 Quam
454 1989 492 2055 ob
515 2009 580 2054 rom
603 1989 719 2054 Miller
730 1989 757 2074 ¹)
790 1991 997 2072 fragmentum
1022 1990 1261 2056 Philochoreum
1292 2011 1349 2056 nu·

225 2112 309 2159 mero
331 2093 370 2157 61
396 2093 553 2176 signatum
575 2093 654 2158 libro
677 2094 724 2157 111
756 2093 933 2172 inseruerit,
966 2093 1092 2177 ignoro;
1124 2113 1179 2177 per
1212 2114 1246 2160 se
1269 2095 1348 2160 eninr

225 2197 312 2279 palei
332 2215 446 2262 norum
470 2197 689 2281 magistratum
711 2197 781 2262 tum
803 2196 993 2279 descriptum
1016 2216 1093 2276 esse,
1126 2217 1198 2263 eum
1229 2200 1350 2282 ternpo-

224 2302 268 2366 ris
291 2299 395 2364 ordine
418 2303 538 2366 servato
562 2300 599 2364 de
621 2301 709 2365 annis
730 2297 795 2365 306
818 2300 1016 2382 sequentibus
1047 2302 1076 2365 ei
1098 2301 1263 2366 dicendum
1285 2304 1351 2368 crat

223 2404 246 2468 1.
269 2422 297 2467 e.
319 2401 398 2468 libro
421 2402 466 2466 IX
477 2401 511 2488 ²).
725 2405 728 2411 '

326 2505 362 2570 In
393 2506 443 2586 iis,
475 2525 552 2589 quae
584 2507 771 2589 sequuntur,
803 2506 861 2572 hoc
892 2505 1007 2570 mirum
1038 2507 1094 2584 esi,
1126 2505 1208 2588 quod
1239 2506 1351 2572 Pollux

224 2610 321 2674 etiam
343 2609 472 2694 legistas
495 2629 513 2674 a
535 2611 644 2675 senatu
667 2610 763 2676 creari
785 2609 871 2689 dicia,
905 2629 974 2675 curn
997 2610 1028 2674 in
1052 2611 1274 2694 ἀντιγραρεῦοι
1297 2610 1351 2675 de·

224 2714 393 2778 scribendis
415 2731 538 2796 prorsus
561 2732 621 2778 non
638 2714 840 2792 annotaverit,
864 2733 882 2778 a
904 2731 964 2796 quo
988 2714 1082 2778 creati
1106 2715 1179 2792 sini,
1203 2715 1236 2778 oi
1259 2714 1352 2780 verba

223 2819 256 2882 in
283 2817 370 2881 initio
393 2819 412 2900 ς
435 2816 478 2881 98
508 2817 611 2899 posita
633 2817 812 2902 κληρωθεὶς
835 2817 895 2880 ὑπὸ
918 2826 975 2900 τῆς
997 2815 1116 2901 βουλῆς
1138 2817 1231 2880 nimis
1260 2816 1351 2899 longe

224 2919 350 2998 distent,
382 2938 474 3001 quam
496 2921 532 2985 ut
554 2921 609 2984 nul
631 2920 759 2996 τούτους
781 2921 820 2984 ad
843 2920 919 2983 haec
941 2919 1117 3001 respiciant.
1162 2919 1207 2982 hc
1229 2919 1256 2984 si
1278 2920 1351 2984 Ari-

227 3023 371 3088 slolelem
386 3023 438 3087 48.
453 3023 474 3086 3
490 3023 671 3103 evolvimus,
687 3025 792 3089 mirari
808 3023 988 3088 desinimus.
1016 3023 1065 3087 lbi
1080 3023 1163 3086 enim
1178 3022 1290 3088 Pollux
1304 3023 1351 3087 le-

221 3127 289 3210 gn:
313 3124 466 3210 κληροῠστ
489 3126 523 3189 δὲ
546 3129 618 3190 καὶ
640 3125 789 3211 λογιστὰς
807 3125 840 3204 ἐξ
863 3126 966 3190 αὐτῶν
981 3124 1009 3188 οἱ
1025 3124 1201 3212 βουλευταί.
1239 3126 1351 3192 Uirum

223 3229 318 3295 verba
339 3229 533 3312 insequentia
555 3228 628 3293 κατ’
649 3231 753 3315 ἀρχὴν
775 3249 871 3312 usque
895 3229 935 3293 sd
957 3228 1051 3293 finem
1073 3230 1133 3310 ipsi
1158 3230 1281 3295 Polluci
1312 3248 1350 3293 an

225 3334 321 3398 lexico
343 3334 495 3399 rhetorico
517 3335 661 3414 tribuam,
687 3334 800 3400 dubius
823 3335 945 3412 haereo,
969 3332 1041 3414 quia
1064 3332 1180 3397 similia
1198 3350 1349 3414 nusquam

222 3437 303 3502 alibi
323 3437 479 3522 leguntur.

331 3539 456 3620 Contra,
480 3561 557 3625 quae
580 3541 617 3606 de
641 3540 851 3605 ἀποστολεῠσι
874 3541 1048 3619 traduntur,
1069 3558 1140 3604 oum
1163 3539 1278 3604 similia
1299 3556 1351 3602 oe-

223 3647 352 3710 curranh
368 3645 400 3708 in
422 3647 481 3710 lex.
498 3645 567 3728 Seg.
583 3645 620 3710 V.
638 3645 712 3710 203.
728 3644 779 3723 22,
803 3645 861 3709 ler.
880 3646 949 3725 Sag.
966 3644 1020 3709 Vl.
1044 3643 1117 3706 435.
1141 3642 1192 3721 29,
1217 3641 1349 3726 Hesych.

223 3767 252 3812 s.
274 3767 314 3827 v,
346 3747 442 3813 schol.
465 3747 713 3827 Aesch.2.177,
738 3747 834 3813 schol.
853 3749 943 3812 Dcm.
966 3745 1040 3812 262.
1067 3745 1106 3808 18
1127 3746 1231 3828 polius
1253 3745 1351 3810 lexico

228 3849 276 3915 illi
310 3851 461 3917 rhetorico
497 3852 623 3916 reddam
668 3870 760 3934 quam
798 3870 868 3916 curn
907 3849 1117 3933 Slojentino³)
1157 3848 1350 3914 Philochoro.

227 3953 296 4018 ,ussi
327 3955 410 4018 enim
440 3955 664 4037 Harpocration
696 3974 721 4020 s.
752 3974 781 4019 v.
813 3955 846 4018 in
870 3954 1077 4019 Demosthene
1112 3953 1143 4017 el
1165 3951 1351 4018 Philochoro

231 4163 486 4174 ιιι-*-

331 4297 357 4363 1)
374 4297 439 4364 Frg.
457 4297 522 4352 hist.
541 4311 634 4364 grues.
653 4297 672 4350 l.
691 4311 716 4364 ρ.
735 4297 793 4351 394.

330 4382 359 4449 2)
378 4383 411 4436 ο1.
431 4383 537 4437 Boekh.
557 4383 600 4436 Kl.
619 4381 696 4437 Schr.
716 4382 748 4436 V.
767 4383 826 4435 427.

330 4470 357 4530 3)
377 4468 393 4520 l.
412 4467 429 4521 l.
447 4483 472 4536 p.
491 4469 533 4522 24.
