3408 5276
885 515 926 577 44

346 719 505 782 irrutilasse
535 722 566 781 el
598 717 846 799 nomoplrplaoes
881 717 1111 797 magistratibus
1144 717 1231 780 nouis
1263 733 1280 778 a
1308 715 1469 778 Demetrio

346 821 524 884 Phalereosi
553 821 667 883 creeris
691 818 942 883 adnumereudoe
966 837 1055 882 esse:
1087 819 1179 882 etiam
1203 819 1296 882 uerba
1322 818 1470 882 Polluoee

346 926 424 987 ultre
449 925 670 988 Philochorum
693 923 811 986 lentem
836 924 981 1004 persequi
1010 940 1070 985 non
1095 939 1277 1004 possumus.
1332 917 1420 998 Quod
1443 919 1471 982 11

346 1025 442 1089 schol.
466 1025 578 1090 Aesoh.
602 1025 625 1089 l.
651 1024 698 1102 19,
732 1024 827 1090 schol.
851 1023 1010 1104 ArIstoph.
1034 1024 1126 1105 Vesp.
1150 1022 1223 1086 861.
1268 1023 1470 1104 1111111164.

345 1127 422 1192 Rea.
456 1126 690 1212 3311111111.
722 1148 746 1191 s.
779 1148 808 1192 1.
842 1126 992 1211 pupparum
1023 1126 1113 1191 Phot.
1146 1145 1172 1192 1.
1205 1146 1235 1190 1.
1268 1125 1407 1211 puppium
1439 1127 1471 1190 et

347 1231 497 1316 μυῤῥινῶν
519 1231 626 1296 eadem
649 1233 740 1314 atque
762 1231 874 1297 Pollux
895 1230 982 1296 VIII.
1005 1230 1047 1294 86
1076 1230 1278 1308 tradiderunt,
1312 1229 1470 1295 enuntiato

346 1335 414 1400 tum
437 1334 475 1398 ad
491 1354 595 1400 vocem
619 1333 866 1419 στεφανηφόρος,
890 1336 958 1398 tum
982 1334 1125 1400 advoces
1150 1333 1292 1418 μυῤῥίνη,
1318 1331 1470 1417 στέφανον

347 1440 479 1526 μύρτων,
504 1437 621 1504 similes
637 1439 801 1520 adscripto,
825 1438 884 1503 hoc
901 1438 1015 1503 nullius
1031 1438 1179 1503 momenti
1194 1456 1260 1502 esse
1277 1437 1351 1519 puto
1374 1456 1471 1519 neque

347 1562 454 1608 omnes
486 1543 568 1608 locos
600 1543 679 1606 forrti
711 1541 810 1606 eidem
837 1542 948 1606 ultimo
971 1540 1097 1606 reddere
1122 1539 1239 1606 dubito.
1285 1541 1367 1605 Nori
1389 1542 1471 1605 enim

346 1666 470 1729 prorsus
509 1646 586 1711 nihil
623 1645 830 1722 addiscimus,
869 1645 928 1709 nisi
965 1645 1046 1726 qrrod
1078 1644 1284 1726 Apollodorus
1297 1644 1321 1726 ¹)
1360 1662 1471 1709 corona

347 1752 465 1834 myrtea
497 1749 566 1813 ideo
598 1749 822 1813 thermothetas
855 1749 979 1812 ornatos
1013 1765 1079 1812 esse
1116 1749 1202 1826 dixit,
1242 1749 1314 1830 qula
1353 1748 1470 1831 myrtus

348 1853 395 1917 dis
417 1852 523 1917 inferis
547 1871 633 1916 sacra
655 1853 774 1918 luisset.

451 1971 493 2035 Hi
525 1971 586 2036 fere
610 1971 742 2058 fuerunt,
764 1972 825 2036 loci
847 1972 1014 2054 praecipui,
1046 1971 1126 2036 unde
1153 1972 1270 2037 fontem
1293 1972 1471 2037 Aristotelis

347 2075 459 2139 litteris
472 2074 537 2157 jam
554 2075 672 2140 editum
696 2077 765 2158 cogi
780 2075 988 2140 Wilamowitz
1006 2075 1178 2140 crediderit.
1217 2076 1347 2141 Nullum
1369 2078 1471 2141 eutem

348 2180 564 2261 argumentum
597 2197 615 2242 a
647 2179 711 2243 viro
736 2178 824 2244 docto
847 2179 1000 2260 prolatum
1024 2178 1112 2244 nobis
1135 2180 1350 2245 necessitatem
1373 2180 1472 2262 impo-

348 2283 419 2360 suit,
445 2283 484 2346 ut
501 2282 581 2346 hano
604 2283 787 2348 sententiam
810 2283 1024 2364 reciperemus.
1057 2284 1153 2348 Locos
1169 2303 1249 2360 vero,
1273 2284 1379 2366 quales
1402 2285 1473 2350 suut

348 2405 415 2468 cap.
431 2386 516 2449 46.1
543 2386 580 2450 de
602 2388 711 2452 senatu
734 2405 813 2450 anno
836 2387 1018 2468 insequenti,
1042 2405 1102 2450 non
1125 2386 1240 2464 eodem,
1265 2405 1324 2468 quo
1347 2405 1473 2451 munere

348 2489 562 2568 fungebantur,
585 2489 751 2553 honoribus
768 2490 918 2563 decorato,
944 2507 1011 2569 cap.
1028 2489 1111 2551 51.3
1136 2488 1173 2552 de
1196 2507 1324 2552 numero
1347 2489 1474 2552 officiis·

350 2609 407 2672 que
431 2589 651 2670 cirumcidetur
674 2591 782 2668 111111,
816 2610 882 2672 cap.
905 2591 958 2667 17,
985 2591 1004 2653 2
1028 2590 1066 2654 de
1089 2609 1163 2654 cura
1186 2591 1355 2672 parricidae
1378 2593 1473 2656 sacris

349 2693 538 2776 prohibendi,
572 2711 650 2774 quae
683 2694 836 2758 archontis
868 2696 948 2777 regis
980 2695 1053 2772 erat,
1087 2713 1154 2775 cap.
1177 2693 1273 2758 57.3
1304 2694 1341 2758 de
1373 2695 1474 2760 causis

350 2796 545 2878 capitalibus
569 2815 646 2878 quae
669 2795 751 2862 solae
764 2797 959 2880 Areopagitis
983 2796 1197 2880 dijudicandae
1218 2798 1354 2881 reliquae
1377 2802 1472 2878 erant,

350 2900 594 2984 Wilamowitff)
624 2901 690 2964 tam
715 2901 837 2984 egregie
859 2907 906 2967 est
929 2902 1157 2984 interpretatus,
1192 2905 1226 2966 ut
1249 2920 1309 2966 non
1332 2901 1473 2978 habeam,

350 3004 431 3086 quod
463 3005 585 3069 addam.
639 3005 757 3084 Quibus
791 3006 865 3070 loeis
897 3005 1115 3089 comprobatur
1146 3004 1404 3088 confirmaturque
1432 2995 1473 3082 id,

350 3107 430 3190 quod
453 3127 545 3190 supra
556 3107 581 3192 ³)
604 3108 674 3186 dixi,
710 3109 909 3174 ArIstotelem
933 3110 1171 3193 diligentisSIme
1195 3129 1320 3190 operam
1343 3109 1472 3184 dedisse,

350 3215 385 3278 ut
415 3213 510 3296 leges,
534 3213 644 3295 quibus
676 3232 750 3278 usus
781 3215 872 3286 11111,
905 3215 936 3278 11
966 3215 1047 3278 iuter
1078 3233 1109 3278 se
1141 3215 1172 3278 11
1203 3232 1273 3278 oum
1306 3214 1392 3278 statu
1413 3213 1473 3276 rei-

350 3317 510 3400 publicae,
549 3317 649 3399 qualis
685 3318 750 3382 tum
790 3320 889 3396 esset,
927 3318 1132 3382 conciderent.
1191 3316 1276 3395 Quae
1314 3316 1474 3400 diligentia

350 3423 464 3502 quanta
494 3421 585 3484 laude
613 3421 706 3504 digna
738 3421 787 3500 sit,
820 3441 917 3504 neque
940 3420 1141 3504 philosophus
1165 3420 1340 3502 praesagire
1364 3419 1472 3502 potuit,

350 3543 448 3606 neque
481 3542 544 3601 rios,
580 3524 718 3588 homines
742 3526 866 3606 posteri,
899 3525 975 3590 satis
1007 3525 1094 3607 grato
1118 3522 1221 3586 animo
1244 3522 1380 3604 profiteri
1404 3539 1474 3605 pos·

351 3647 467 3694 sumus.

454 4069 479 4136 1)
500 4069 591 4123 Schol.
611 4069 656 4122 Ar.
676 4067 743 4122 Rau.
763 4067 821 4120 330.

454 4159 479 4221 2)
498 4155 514 4208 1.
534 4155 550 4207 l.
569 4153 587 4208 l.
608 4153 657 4208 211
677 4167 740 4208 ann.
759 4154 809 4216 44;
832 4153 849 4206 l.
870 4150 1001 4206 111111.
1021 4152 1063 4214 65,
1082 4151 1169 4215 6631.
1190 4151 1323 4206 154111.
1344 4151 1401 4204 142.

454 4243 481 4307 3>
500 4256 524 4308 p.
543 4243 567 4293 5.
