3396 5278
897 536 959 598 138

363 741 403 802 tie
427 759 501 803 oeus
524 745 584 804 est.
631 739 793 815 Quiliber
817 739 952 822 Didymo
979 740 1017 804 ed
1045 737 1187 816 λέξεις
1210 737 1425 822 τραγικήν
1457 744 1490 802 et

364 842 562 926 κωμικὴν
585 843 831 907 conscribendus
863 845 935 907 ione
968 845 1102 907 maxime
1126 845 1274 924 eprepiue
1306 845 1425 908 exstitit
1458 848 1490 906 et

352 947 403 1010 eb
427 949 488 1010 noo
512 965 530 1009 e
553 949 647 1029 eopia
664 948 839 1011 orationum
865 947 1164 1028 comoediarumque
1188 948 1355 1010 etiamtuno
1378 964 1489 1028 super·

364 1053 471 1114 stiturn
504 1056 614 1114 euotue
647 1051 919 1133 looupletutueque
952 1055 1012 1115 eet.
1077 1051 1201 1132 Didymi
1237 1067 1318 1131 opue
1349 1069 1367 1112 e
1400 1051 1489 1113 Pem-

364 1155 451 1236 philo
484 1159 647 1236 reoeptum
680 1158 711 1217 et
735 1154 983 1236 iterpooretioni,
1018 1155 1146 1228 Polluci,
1180 1155 1291 1218 lexicis
1323 1155 1489 1218 rhetoricis

363 1258 501 1321 oblatum
525 1263 585 1323 est.
633 1259 674 1320 lili
699 1257 813 1339 (lierp.
838 1254 1034 1339 Poll.)-quie
1058 1259 1086 1320 in
1109 1257 1196 1320 tonte
1220 1259 1346 1337 enepiue
1369 1257 1488 1319 Aristo·

362 1361 457 1422 telem
495 1357 619 1423 nomine
658 1360 813 1424 laudatum
852 1363 1051 1437 inuenerunt,
1097 1361 1298 1424 oooeeionem
1336 1362 1487 1441 insipnem

364 1464 458 1526 multe
483 1466 623 1546 pleniora
647 1483 665 1526 e
687 1465 774 1527 tonte
798 1465 946 1546 primario
978 1463 1137 1528 lreuriendi
1162 1466 1411 1544 praetermittere
1435 1483 1489 1527 no-

363 1568 502 1646 luerunt;
527 1569 630 1649 iisque
652 1585 708 1631 sue
733 1569 865 1649 quisque
888 1569 1007 1630 retione
1029 1567 1105 1630 ionii
1128 1566 1200 1630 inde
1222 1567 1402 1648 supplendo
1425 1572 1489 1630 stu·

362 1669 508 1734 deerunt.
557 1671 642 1734 liaeo
666 1672 746 1751 (lex.
773 1671 850 1752 Sep.
874 1671 965 1736 l'lrot.
984 1663 1092 1752 soie.)
1116 1671 1206 1734 nobie
1222 1671 1305 1734 uarie
1328 1670 1487 1753 discerpta

364 1777 397 1834 et
420 1773 557 1836 mutilate
588 1777 621 1835 et
653 1778 814 1836 oontruete
846 1773 977 1835 iruetule
1002 1773 1201 1854 Pamphileee
1233 1789 1330 1835 oenee
1358 1775 1488 1854 opulen-

363 1877 504 1938 tissimae
520 1877 681 1957 praebent.
726 1877 897 1951 Vestinum,
915 1867 1364 1958 Pamphilum'exoerpentem
1382 1878 1488 1940 Psello

364 1984 491 2060 praesto
511 1979 608 2043 luisse
631 1977 779 2043 oonioere
803 1978 914 2044 audeo.

466 2099 535 2164 Fini
559 2100 699 2180 opusculi
721 2100 781 2163 mei
805 2101 947 2176 stemma,
970 2097 1050 2179 quod
1075 2097 1195 2177 dieitur,
1221 2097 1408 2163 delineatum
1432 2099 1488 2164 ad-

363 2199 444 2276 dam,
477 2205 520 2278 ut,
552 2222 606 2284 per
638 2221 713 2284 quos
745 2203 860 2280 rivulos
892 2199 1092 2265 Aristotelem
1123 2199 1154 2263 iu
1185 2199 1400 2282 posteriorum,
1425 2193 1489 2284 'qui

362 2305 496 2369 aetatem
528 2305 678 2381 tulerunt,
716 2303 812 2370 libros
850 2305 1023 2369 derivatum
1056 2321 1122 2368 esse
1153 2303 1230 2368 mihi
1262 2301 1386 2387 fingam,
1427 2325 1488 2370 uuo

362 2409 489 2489 aspectu
512 2411 582 2473 unte
606 2409 711 2475 oeulos
734 2409 859 2474 habeus.

807 2683 905 2748 Leges.

772 2835 948 2890 Aristoteles.

855 2972 865 3094 l

831 3109 979 3178 Didymus.

850 3176 859 3263 l

815 3259 987 3327 Pamphilus.

1468 3657 1491 3710 P
1582 3700 1587 3711 .

218 3751 432 3818 Harpocration.
467 3751 613 3805 Vestinus.
875 3740 981 3796 bexioe
998 3742 1149 3796 rhetoricen
1242 3736 1445 3812 proponimus
1494 3659 1577 3713 ouux

1280 3899 1447 3967 Hesychius,

485 4032 565 4086 lilioh.
584 3982 799 4317 PsellusN

749 4362 859 4418 suidas,
