3408 5276
889 496 932 561 48

317 762 321 770 .
346 704 500 770 industria
523 704 647 770 silentio
670 705 840 790 praeteriit,
865 704 947 788 quod
969 705 1036 789 ipse
1058 702 1175 769 indicat
1197 703 1315 768 verbis:
1350 703 1479 768 συνδιοι·

346 815 398 871 κεῖ
421 806 456 870 δὲ
480 809 535 871 καὶ
558 815 627 882 ταῖς
650 805 766 882 ἄλλαις
798 808 913 892 ἀρχαῖς
943 809 984 872 τὰ
1014 806 1156 889 πλεῖσθ’,
1190 805 1231 882 ὡς
1261 807 1335 882 ἔπος
1367 807 1476 872 εἰπεῖν.

346 907 449 974 Simili
472 909 591 975 ratione
614 909 728 976 adduci
751 912 882 994 poterat,
914 911 950 978 ut
971 911 1126 976 curatores
1148 909 1278 984 viarum,
1311 929 1362 976 eos
1386 913 1480 992 quia

344 1012 514 1077 rationibus
538 1015 651 1091 essent,
675 1013 802 1092 scribas,
838 1013 1023 1092 sacerdotes,
1049 1013 1250 1096 magistratus
1274 1011 1425 1078 Salamini
1447 1013 1479 1078 et

344 1114 457 1180 Piraeo
479 1116 671 1200 praepositos
695 1136 762 1202 cap.
782 1118 824 1180 54
847 1117 978 1196 afferret,
1003 1105 1168 1200 autequam
1191 1117 1248 1181 sub
1271 1116 1362 1181 finem
1384 1117 1477 1182 huius

344 1219 441 1303 partis
472 1237 583 1284 novem
619 1221 783 1286 archontes
815 1240 877 1286 uno
907 1221 1124 1287 describendos
1156 1239 1357 1304 aggressurus
1384 1222 1475 1285 esset·

344 1321 431 1385 Sicut
462 1339 481 1386 a
513 1322 796 1407 quadragintaviris
828 1343 894 1410 cap.
919 1323 961 1388 53
995 1324 1034 1389 ad
1057 1323 1207 1389 diaetetas
1239 1322 1370 1402 deflexit,
1404 1323 1476 1405 quia

343 1424 436 1490 huius
474 1426 679 1509 magistratus
713 1427 744 1491 in
777 1427 886 1493 officiis
924 1427 1266 1510 quadragintarirorum
1298 1426 1475 1492 enarrandis

343 1530 465 1613 saepius
489 1531 677 1595 mentionem
711 1530 835 1606 laceret,
867 1549 991 1597 necesse
1014 1531 1126 1614 erat¹)‚
1159 1531 1204 1594 itu
1226 1528 1263 1594 ad
1288 1529 1475 1614 εἰςαγωγέας

344 1633 465 1698 animus
499 1633 563 1716 ejus
596 1635 829 1699 reconvertere
861 1635 971 1718 potuit,
1004 1637 1076 1716 quie
1107 1635 1198 1699 antea
1228 1634 1257 1698 ei
1279 1633 1412 1698 multum
1436 1632 1473 1696 de

344 1734 475 1818 εἰςάγειν
498 1734 713 1801 disserendum
737 1738 812 1802 erat.
857 1735 939 1801 Nolo
965 1735 1146 1804 contendere
1168 1755 1218 1800 me
1241 1735 1271 1800 in
1295 1734 1472 1800 Aristotelis

344 1838 508 1904 consilium
530 1839 644 1904 melius
668 1839 909 1906 Wilamowilzio
935 1841 1121 1924 penetrasse,
1154 1859 1252 1922 neque
1276 1839 1373 1905 audeo
1403 1859 1472 1924 per-

343 1961 491 2020 severare,
516 1942 697 2027 scriptorem
715 1945 758 2010 sic
779 1963 876 2028 neque
900 1945 991 2010 aliter
1006 1963 1056 2009 res
1072 1944 1269 2029 disposuisse.
1307 1943 1375 2009 Hoc
1389 1961 1472 2021 vero,

343 2044 459 2126 opinor,
483 2045 562 2109 mihi
587 2046 744 2125 concedes,
769 2065 829 2112 non
853 2066 976 2114 necesse
1000 2065 1076 2126 esso,
1100 2046 1136 2111 ut
1157 2047 1229 2112 inde
1253 2046 1472 2112 corrcludamus

342 2147 543 2214 Aristotelem
578 2150 661 2216 fonte
699 2171 753 2218 suc
787 2154 927 2218 coactum
966 2171 1032 2218 esse
1062 2153 1098 2216 ut
1119 2152 1199 2216 hanc
1221 2151 1469 2216 distributionem

342 2251 498 2317 retineret.

341 2542 426 2628 §lb
477 2543 589 2610 Fons
612 2542 725 2630 lipsa,
760 2561 880 2630 quem
905 2542 1183 2612 Wilamowilz
1215 2543 1341 2633 ponii,
1375 2561 1468 2610 cum

340 2642 477 2712 indole
500 2641 692 2728 Arrhidis,
725 2645 921 2732 quantum
953 2645 1073 2714 nobis
1107 2665 1130 2714 e
1161 2644 1403 2735 fragmentis
1428 2647 1469 2713 ei

334 2745 493 2837 judicio
533 2746 722 2838 Dionysii
759 2746 1147 2818 Halicarnassensis
1187 2749 1352 2839 cognita
1390 2750 1467 2834 est,

746 2871 828 2920 non
852 2851 1054 2941 congruit.

443 3037 522 3100 Tum
554 3057 590 3101 ne
622 3039 680 3103 boc
712 3039 941 3119 obliviscamur,
976 3041 1147 3106 cavendum
1171 3043 1227 3120 est,
1256 3042 1466 3118 Aristotelem,

339 3143 488 3223 quantum
511 3142 636 3220 scimus
669 3146 801 3226 primum
833 3144 943 3226 luisse,
977 3145 1039 3227 qui,
1074 3164 1259 3228 quamquam
1292 3146 1466 3210 bominibus

339 3245 460 3309 nostrae
483 3245 595 3310 aetatis
620 3266 676 3313 non
706 3245 828 3326 sufficit,
862 3248 965 3313 tamen
997 3251 1080 3314 corta
1112 3251 1142 3314 ct
1174 3249 1317 3332 diligenti
1348 3250 1466 3314 ratione

339 3367 492 3412 summam
515 3349 559 3412 rei
582 3350 724 3433 publicae
747 3351 984 3418 Atheniensium
1012 3353 1043 3417 in
1067 3353 1125 3417 bac
1147 3353 1245 3417 libelli
1268 3354 1356 3437 parte
1379 3352 1465 3432 nobis

338 3451 512 3534 explicaret.
558 3453 639 3516 Nam
664 3456 777 3519 iontem
801 3455 1064 3522 aWilamovitzio
1087 3457 1290 3540 postulatum,
1314 3457 1367 3538 qni
1389 3475 1464 3520 non-

338 3557 411 3620 dum
436 3557 652 3641 comprobatus
686 3559 735 3637 sit,
771 3579 892 3625 summo
920 3562 989 3643 Jure
1012 3560 1191 3624 etiamnunc
1213 3561 1370 3626 secludere
1393 3579 1464 3644 pos·

338 3679 454 3724 sumus.
496 3661 564 3726 Etsi
588 3663 740 3742 quomodo
763 3663 892 3728 historia
914 3663 1088 3728 litterarum
1112 3684 1301 3746 graecarum,
1325 3682 1464 3749 praeser-

337 3762 393 3824 tim
427 3781 504 3844 quae
536 3763 575 3827 ad
598 3785 646 3829 res
678 3767 781 3848 gestas
808 3766 1009 3848 publicasque
1041 3768 1237 3852 pertinerent,
1270 3768 1462 3852 processerit,

336 3863 413 3928 satis
437 3865 528 3930 certis
550 3865 662 3932 finibus
686 3868 933 3933 circumscribere
965 3889 1128 3954 possumus
1140 3871 1178 3954 ²),
1209 3873 1312 3936 tamen
1345 3870 1460 3934 nullius

336 4089 591 4100 ———-......

439 4241 452 4291 l
500 4241 517 4296 f.
660 4285 664 4296 .
703 4285 707 4296 .

438 4247 466 4396 ib
484 4258 518 4382 bf.
537 4246 749 4393 {opphpssddie
761 4331 890 4399 Anfangc
908 4333 988 4388 einer
1005 4335 1175 4401 politischen
1188 4337 1331 4390 [niteretur
1348 4337 1460 4391 beiden

335 4414 483 4470 Griechcn.
519 4416 663 4481 bertrade,
680 4415 819 4472 Mdnehen
839 4419 913 4474 1890.
