3396 5278
759 532 820 596 109

225 738 345 822 syllaba
368 739 399 802 in
423 737 503 802 libro
528 739 635 802 octavo
658 741 947 824 commemorantur,
975 736 1159 802 Aristoteles
1183 737 1287 802 autem
1310 737 1350 813 et·
1377 733 1396 762 ⁹

225 845 276 926 qui
307 841 496 907 Aristotelea
526 840 653 906 reddere
685 842 793 918 solent,
828 842 934 925 Harp„
966 842 1024 906 lex.
1055 841 1125 925 Seg.
1150 842 1188 924 V,
1220 841 1350 906 Photins

226 963 329 1010 eorum
361 962 421 1008 non
454 945 527 1008 sunt
557 943 655 1008 obliti.
710 942 791 1024 Quid
822 935 1012 1030 ἐπιμεληταί
1043 942 1190 1030 ἐμπορίου
1218 943 1351 1008 admini-

226 1047 399 1124 straverint,
437 1065 472 1111 ex
505 1047 631 1112 Aristol.
665 1047 717 1110 51.
751 1049 771 1110 4
807 1048 875 1129 ipso
908 1048 1004 1131 Harp.
1038 1067 1063 1112 s.
1095 1067 1125 1113 ν.
1157 1045 1351 1132 ἐπιμελητὴς

226 1148 372 1234 ἐμπορίου
397 1177 436 1206 =
460 1149 545 1215 stud.
571 1170 594 1215 s.
618 1171 647 1215 ν.
681 1150 873 1236 ἐπιμελητὰς
905 1149 1052 1235 ἐμπορίου
1087 1150 1126 1214 ad
1148 1150 1276 1215 verbum
1298 1167 1350 1215 ex·

226 1254 359 1336 scripsit.
406 1253 491 1318 ldem
514 1253 685 1336 paullisper
707 1255 830 1318 tantum
853 1254 982 1318 mutatis
1005 1252 1106 1318 uerbis
1130 1271 1179 1335 ap.
1202 1252 1261 1316 lex.
1278 1252 1347 1334 Seg.

225 1357 261 1420 V.
286 1355 359 1421 255.
383 1355 425 1419 22
449 1384 489 1413 =
513 1357 598 1422 Suid.
621 1376 646 1422 s.
669 1376 697 1422 ν.
722 1355 911 1443 ἐπιμεληταί
934 1357 977 1441 gl.
1000 1355 1021 1418 2
1043 1357 1187 1439 legimus.
1233 1355 1282 1419 st.
1306 1354 1349 1418 M.

225 1459 299 1524 361.
319 1458 363 1522 56
386 1461 577 1526 contaminat
607 1461 667 1526 lex.
691 1459 762 1544 Seg.
788 1461 827 1525 V.
851 1479 921 1525 oum
944 1460 1041 1541 Harp.
1088 1459 1181 1542 Apud
1204 1457 1351 1522 Photium

227 1564 301 1628 haee
323 1563 426 1645 glossa
449 1564 529 1628 sicut
552 1563 720 1649 ἀστυνόμοι
750 1565 782 1628 in
805 1583 920 1648 magna
942 1564 1054 1629 lacuna
1076 1563 1147 1644 post
1174 1560 1350 1644 ἀδιάκριτος

227 1667 350 1731 stante
373 1666 528 1752 ἐπώνυμοι
560 1667 665 1732 hiante
696 1666 863 1756 intercidit.
906 1667 1068 1734 ducturam
1091 1666 1213 1749 glossae
1236 1664 1350 1748 ἀγορα-

227 1769 313 1855 νόμοι
343 1771 375 1834 in
407 1770 513 1836 eodem
544 1771 641 1836 lexico
665 1771 804 1836 dolemus
828 1771 952 1854 propter
975 1769 1110 1835 similem
1132 1769 1276 1833 lacunam
1299 1785 1349 1831 oo-

228 1873 303 1938 dieis
319 1871 450 1937 Galeani
473 1892 491 1938 a
513 1874 605 1938 verbo
628 1873 724 1937 ἀᾱσαι
747 1873 945 1956 incipientem
969 1874 1000 1938 et
1021 1872 1060 1937 ad
1076 1890 1183 1937 vocem
1205 1867 1350 1954 ἀγχίνοια

227 1976 440 2058 pertinentem.
479 1977 504 2040 Ε
520 1976 640 2042 mendis
657 1977 908 2059 Harpocrationis
925 1974 1053 2039 ἀττικόν
1075 1974 1107 2040 et
1127 1974 1220 2039 larici
1235 1973 1350 2055 Segne-

226 2079 304 2142 riani
326 2078 355 2141 V
378 2078 507 2142 ἀστικόν
519 2079 545 2162 ¹]
576 2082 682 2146 utrum
713 2081 798 2162 prius
829 2079 989 2167 irrepserit
1018 2077 1098 2143 illud
1125 2076 1266 2159 ἀττικόν,
1300 2077 1349 2140 eui

226 2177 344 2266 [Demi
368 2180 419 2246 34.
443 2181 543 2264 celat
567 2201 674 2248 ansam
698 2183 770 2248 dare
794 2183 905 2265 potuit,
941 2201 979 2246 an
1013 2179 1236 2264 hecclesiam,
1271 2180 1349 2244 unde

226 2281 283 2347 lex.
308 2281 376 2366 Seg.
392 2282 430 2348 V.
446 2283 518 2348 208.
539 2283 581 2348 26
596 2313 636 2342 =
652 2286 709 2352 lex.
732 2285 787 2351 Vl.
811 2285 884 2348 456.
908 2283 928 2347 3
952 2286 984 2350 et
1006 2285 1065 2350 lex.
1089 2283 1160 2366 Seg.
1184 2284 1221 2348 V.
1239 2281 1349 2346 2845

227 2382 390 2450 discrimen
413 2388 493 2450 inter
515 2389 622 2470 portus
645 2389 770 2454 civilem
798 2390 834 2453 et
866 2388 1064 2472 peregrinum
1095 2386 1244 2452 ementita
1266 2388 1347 2462 sunt

227 2487 339 2552 dubius
372 2506 449 2553 sum.
504 2491 539 2554 Si
569 2491 715 2558 orationis
747 2491 1113 2575 pseudodamosthenieao
1141 2508 1231 2555 causa
1257 2489 1349 2554 verba

227 2590 405 2656 Aristotelis
437 2595 579 2677 corrupta
601 2613 667 2660 asse
691 2595 868 2674 statuimus,
904 2595 1025 2661 facilius
1048 2594 1180 2660 fortasse
1203 2592 1349 2676 explicari

227 2695 325 2775 possit
357 2697 531 2779 corruptela
562 2697 704 2782 ἀστικόν,
738 2719 831 2782 quam
863 2699 889 2764 si
915 2719 951 2766 ex
981 2699 1049 2783 ipso
1072 2697 1240 2764 Aristotele
1272 2695 1349 2760 deri·

226 2816 344 2862 vemus

281 3019 410 3085 Aristot.
435 3022 478 3084 51.
502 3024 535 3085 4.
610 3021 706 3102 Ηοτρ.
736 3040 765 3086 ο.
799 3041 829 3086 ν.
863 3021 969 3105 ἐπιμε-
990 3019 1349 3102 ίοκ.8ος.ν.255.22.

647 3105 749 3192 λητὴς
771 3106 930 3192 ἐμπορίου.

227 3256 376 3343 ἐμπορίου
397 3257 423 3320 δ’
439 3258 589 3346 ἐπιμελη-
609 3259 778 3345 Δείναρχος
801 3260 832 3323 ἐν
850 3267 893 3343 τῷ
910 3279 968 3321 κα·
989 3258 1177 3344 ἐπιμεληταὶ
1187 3257 1346 3343 ἐμπορίου·

228 3362 283 3436 τὰς
322 3359 362 3423 10
393 3362 585 3448 κληροῦσιν·
610 3365 650 3426 τὰ
661 3361 802 3427 Πυθέου.
828 3361 969 3446 Ἀριστο-
990 3363 1140 3446 ἄρχοντες
1165 3363 1248 3446 ἦσαν
1271 3362 1349 3448 κλη-

228 3462 347 3540 τοότοις
388 3463 421 3527 δέ
465 3465 588 3548 προςτὲ-
609 3466 705 3551 τέλης
723 3463 889 3550 ςέμπορίοο
905 3462 931 3526 δ’
939 3463 969 3527 ἐ·
989 3463 1093 3548 ριοτοί,Ι
1122 3464 1163 3528 10
1185 3467 1237 3528 τὸν
1260 3466 1348 3549 ἀριθ-

228 3586 343 3630 τακτοιι
381 3575 443 3630 τῶν
477 3566 504 3630 τ’
536 3569 589 3654 ἐμ·
609 3567 969 3654 πιμελητὰςίθκληροῦ-
989 3566 1058 3652 μόν,
1092 3566 1230 3630 ἑκάστου
1262 3569 1349 3643 ἐτους

228 3667 342 3752 πορίων
367 3669 590 3754 ἐπιμελεῖσθαι
611 3693 670 3754 σιν,
697 3670 815 3746 τούτοις
830 3671 864 3733 δὲ
880 3691 969 3754 προς·
990 3669 1236 3754 καθιστάμενοι,
1303 3673 1348 3745 οἷς

229 3774 284 3834 καί
320 3781 375 3835 τοῦ
414 3772 500 3837 σίτου
537 3766 596 3837 tes!
611 3773 762 3838 τέτακται
785 3782 847 3837 τῶν
863 3794 898 3836 τε
913 3750 1349 3857 ἐμ-ίπροςτέτακταιτῶνέμ·

229 3874 465 3952 καταπλέοντος
489 3876 531 3952 εἰς
554 3879 589 3939 τό
610 3876 724 3961 πορίων
744 3841 1100 3961 ἐπιμελεῖσθαιίπορίων
1125 3875 1348 3960 ἐπιμελεῖσθαι

230 3980 348 4041 σιτικὸν
371 3976 517 4063 ἐμπόριον
550 3982 589 4042 τὰ
610 3982 665 4042 καὶ
702 3989 756 4043 τοῦ
795 3977 880 4042 σίτου
914 3987 968 4042 τοῦ
988 3980 1043 4040 καὶ
1081 3987 1135 4042 τοῦ
1173 3979 1258 4042 σίτου
1294 3989 1348 4042 τοῦ

228 4079 284 4144 δύο
317 4079 396 4167 μέρη
428 4083 499 4156 τοὺς
535 4081 588 4166 ἐμ·
611 4081 844 4158 καταπλέοντος
870 4083 912 4157 εἰς
935 4085 970 4145 τό
989 4081 1224 4158 καταπλέοντος
1247 4083 1289 4157 εἰς
1314 4084 1348 4144 τό

594 4128 595 4145 l

593 4148 595 4166 l

334 4456 361 4522 1)
379 4455 570 4509 Wilamowitz
589 4456 605 4510 l.
618 4456 635 4508 l.
649 4456 668 4508 l.
681 4470 708 4522 p.
722 4455 773 4509 220
791 4471 854 4510 ann.
868 4455 908 4510 68.
928 4456 1035 4520 Kaibal,
1055 4456 1108 4510 Stil
1120 4471 1147 4510 u.
1161 4455 1235 4509 'text
1249 4469 1275 4522 p.
1289 4455 1347 4508 ⁶221.
