3396 5278
846 522 908 588 132

308 723 477 789 millimum
500 726 556 804 est,
588 724 616 789 si
647 723 772 806 quidem
804 725 907 790 totum
930 724 1087 807 Pamphili
1120 726 1245 807 pratum
1276 730 1436 812 excerpsit.

308 829 407 911 Atqui
427 827 461 892 id
482 832 586 910 ipsum
617 827 695 892 mihi
727 827 816 892 valde
847 827 976 894 duhium
999 847 1065 894 esse
1088 829 1221 908 ridetur,
1253 832 1436 914 praesertim

309 931 407 1014 quia,-
424 931 452 997 si
470 931 538 1015 jam
560 931 708 996 Vestinus
731 949 767 996 ex
798 949 889 1013 opere
912 931 1096 1012 Pamphileo
1118 931 1210 1014 pleno
1233 935 1436 1000 summarium

309 1053 402 1117 quam
423 1033 642 1099 brevissimum
664 1034 811 1116 quattuor
832 1033 920 1099 libris
943 1034 1135 1112 confecisset,
1159 1035 1351 1120 Diogeuiano
1367 1039 1438 1104 usui

310 1157 483 1223 pauperum
507 1137 683 1203 academiae
705 1137 858 1217 cisium¹)
881 1137 1044 1222 indulgere
1063 1157 1124 1232 non
1147 1157 1224 1221 opus
1239 1141 1316 1206 erat.
1354 1140 1436 1205 Nam

309 1248 456 1326 quatuor·
478 1243 575 1307 libros
599 1244 728 1307 minoris
751 1244 998 1324 unumquisque
1020 1246 1201 1308 constitisse
1222 1246 1318 1326 patet

412 1344 479 1425 Quo
502 1345 565 1410 aliu
587 1363 707 1428 quoque
729 1344 924 1410 ratiocinatio
947 1344 1076 1410 accedit.
1121 1345 1157 1410 In
1179 1347 1288 1412 tabula
1311 1348 1435 1430 quidem

308 1449 424 1515 Suidce
450 1449 574 1514 tantum
595 1448 728 1530 legimus
761 1445 937 1533 Οὐηστῖνος
959 1445 1099 1531 Ἰούλιος,
1135 1448 1298 1535 σοφιστής,
1332 1449 1435 1514 tucco-

310 1555 372 1640 μὴν
402 1559 465 1616 τῶν
495 1549 664 1636 Παμφίλου
695 1548 862 1633 γλωσσῶν,
899 1550 931 1614 iu
963 1551 1106 1616 contextu
1139 1553 1242 1617 nutem
1275 1552 1332 1618 sub
1362 1571 1436 1618 voce

308 1655 484 1741 Οὐηστῖνος
506 1653 648 1718 additur:
683 1650 842 1737 Ἐκλογὴν
863 1651 1025 1736 ὀνομάτων
1056 1652 1095 1716 ἐκ
1126 1661 1188 1718 τῶν
1211 1652 1436 1740 Δημοσθένους

307 1757 444 1847 βιβλίων,
469 1757 610 1842 ἐκλογὴν
632 1755 671 1820 ἐκ
690 1762 751 1818 τῶν
768 1752 975 1837 Θουκυδίδου,
1001 1753 1132 1839 Ἰσαίου,
1157 1756 1358 1842 Ἰσοκράτους
1381 1761 1436 1822 καὶ

308 1860 525 1947 Θρασυμάχου
560 1867 616 1922 τοῦ
648 1858 778 1944 ῥήτορος
809 1859 865 1922 καὶ
898 1865 961 1921 τῶν
997 1857 1104 1923 ἄλλων
1141 1859 1292 1945 ῥητόρων.
1348 1861 1436 1927 Sicut

307 1964 493 2050 Diogeuiani
523 1961 810 2047 Περιερνσπένητες
841 1960 873 2026 et
903 1959 984 2039 λέξις
1020 1961 1206 2048 παντοδαπή
1243 1963 1327 2029 idem
1358 1983 1435 2047 opus

307 2071 405 2134 luisse
426 2067 561 2134 creditur
571 2066 606 2150 ²),
630 2067 712 2131 ucat
727 2066 887 2148 Pamphili
909 2065 1026 2131 lexicon
1050 2065 1162 2132 Suidas
1184 2068 1275 2134 initio
1297 2067 1435 2152 λειμῶνα

307 2172 493 2249 nominarit,
525 2172 593 2235 turn
621 2169 722 2234 vorbis
745 2170 815 2252 crept
836 2167 992 2251 γλωσσῶν
1014 2169 1085 2252 ἦτοι
1107 2167 1222 2246 λέξεων
1244 2171 1320 2236 item
1342 2172 1436 2252 atque

309 2277 488 2342 Athenaeus
511 2273 568 2338 IX.
590 2273 655 2336 388
676 2273 716 2338 Ι).
738 2271 814 2336 XIV
837 2271 902 2334 650
923 2272 950 2335 Ε
972 2271 1086 2338 melius
1117 2273 1218 2338 verbis
1241 2277 1310 2358 περὶ
1331 2273 1435 2358 γλωσ-

308 2389 371 2444 σῶν
386 2381 441 2442 καὶ
456 2377 616 2462 ὀνομάτων
626 2375 652 2460 ³]
675 2381 892 2460 argumentum
908 2374 1082 2457 descripsit,
1100 2377 1206 2442 eodem
1223 2378 1315 2442 modo
1330 2379 1436 2443 nostro

306 2485 385 2562 loco,
407 2480 531 2565 qualem
554 2481 612 2546 sihi
634 2481 825 2562 provinciam
847 2479 995 2544 Vestinus
1018 2499 1035 2544 e
1058 2479 1152 2545 Prato
1176 2481 1359 2564 Pamphiles
1382 2481 1435 2546 do·

307 2586 490 2670 pascendam
515 2585 669 2668 elegisset,
703 2584 831 2649 Suidam
853 2584 902 2648 rel
934 2584 1037 2665 potius
1059 2583 1251 2668 Hesychium
1274 2585 1434 2651 Milesium

307 2688 498 2773 significasse
522 2688 613 2752 credo
635 2686 736 2751 verbis
760 2686 902 2770 ἐκλογὴν
924 2686 1084 2771 ὀνομάτων
1107 2705 1153 2769 sq.

410 2791 467 2858 Oui
490 2791 681 2874 conjecturae
702 2789 784 2854 haud
817 2789 880 2854 scio
903 2808 942 2854 an
975 2789 1148 2854 observatio
1181 2790 1305 2856 aliunde
1336 2791 1435 2874 petita

306 2896 420 2962 laceat.
472 2893 554 2958 Nam
586 2895 613 2958 ai
646 2893 793 2959 Vestinus
831 2911 923 2958 unam
960 2894 1085 2958 tantum
1120 2898 1227 2978 operis
1261 2896 1433 2977 Pamphilei

307 3005 428 3082 partem
452 2998 630 3081 exscripsit,
665 2998 782 3063 certam
814 2997 970 3080 quandam
1003 2997 1155 3063 rationem
1189 3017 1261 3062 cunr
1292 2999 1432 3063 secutum

306 3123 373 3169 esse
395 3107 427 3167 et
448 3103 543 3166 talem
566 3103 689 3185 partem
711 3102 771 3166 sihi
793 3101 977 3181 vindicasse,
1012 3121 1092 3184 quae
1126 3105 1205 3168 inter
1237 3122 1311 3168 seeo
1332 3109 1432 3169 totum

307 3207 421 3290 aliquid
444 3207 595 3286 alliceret,
620 3224 675 3289 per
697 3224 729 3270 se
752 3206 817 3270 veri
841 3205 944 3271 simile
967 3208 1024 3270 est.
1071 3204 1209 3283 Constat
1232 3206 1432 3288 Pamphilum

306 3312 348 3375 95
371 3311 467 3375 lihros
491 3308 719 3391 conscripsisse,
753 3327 809 3390 per
843 3327 920 3390 quos
951 3307 1103 3391 quomodo
1134 3308 1256 3374 litterae
1278 3308 1321 3372 24
1343 3329 1433 3372 υ-ω

307 3414 490 3480 distributae
521 3411 593 3489 sint,
628 3411 729 3476 adhuc
759 3411 949 3494 ignoremus.
1006 3411 1040 3476 Si
1071 3411 1225 3493 ponimus,
1263 3415 1432 3494 quaternos

307 3519 403 3582 libros
426 3517 484 3580 suh
516 3517 670 3597 ampliore
695 3515 831 3597 quodam
854 3517 943 3579 titulo
967 3517 1153 3598 conjunctos
1175 3516 1286 3595 luisse,
1322 3519 1433 3597 quater

306 3626 338 3685 et
360 3622 478 3684 viciens
502 3621 641 3700 quaterni
664 3623 736 3682 eunt
759 3621 925 3700 nonaginta
948 3637 1006 3684 sex
1029 3619 1060 3682 h.
1078 3638 1105 3682 e.
1121 3619 1182 3683 fere
1199 3636 1321 3682 summa
1335 3617 1431 3682 totius

306 3723 417 3807 operis.
464 3721 514 3786 Sic
537 3722 658 3786 numeri
679 3721 829 3786 librorum
853 3723 885 3786 et
907 3721 1064 3804 Pamphili
1087 3722 1118 3786 et
1136 3720 1257 3787 Vestini
1280 3721 1357 3786 hene
1380 3739 1431 3784 cx-

305 3826 470 3908 plioantur.
515 3824 551 3887 ln
574 3824 726 3889 eiusmodi
748 3826 852 3888 eutem
872 3823 1028 3906 opusculo,
1053 3823 1143 3905 quale
1162 3823 1253 3888 modo
1270 3843 1288 3888 a
1303 3822 1431 3888 Vestino

305 3999 562 4010 -—.-..—.-—

411 4112 435 4181 l)
463 4113 496 4166 cl.
516 4111 667 4179 epistulam
684 4111 820 4179 Hesychii
845 4113 882 4166 ad
907 4112 1059 4179 Eulogium
1086 4128 1110 4167 a.
1137 4113 1171 4167 hl.
1190 4113 1345 4168 Schmidtio
1376 4112 1432 4166 edi-

304 4201 377 4256 tioni
394 4199 560 4267 praefixam.
1377 4262 1381 4266 ,

408 4285 435 4353 2)
462 4286 655 4340 Reitzenstein
672 4285 690 4338 l.
709 4285 726 4338 l.
744 4300 770 4352 p.
782 4285 842 4340 456.
855 4300 919 4340 enn.
933 4287 956 4340 1.
993 4285 1190 4341 Schdnemaun
1208 4287 1225 4339 1.
1243 4286 1261 4339 l.
1281 4300 1306 4352 p.
1319 4283 1430 4340 etr-er

407 4371 434 4438 3)
462 4371 495 4425 cf.
531 4371 565 4425 M.
602 4371 737 4434 Schmidt,
775 4373 883 4438 quaest.
914 4371 1035 4441 Hesych.
1071 4387 1097 4440 p.
1133 4371 1189 4426 uX.
1236 4371 1430 4432 Reitzenstein
