3408 5276
800 517 822 583 9

703 609 908 620 -.-.

238 721 435 809 significaret.
491 723 630 790 Εύθυνοι
665 726 748 791 enim
782 743 851 792 oum
882 726 1033 792 ministris
1066 727 1129 791 suis
1161 726 1244 809 apud
1275 745 1367 792 snum

239 829 366 911 quisque
397 828 448 892 rel
479 846 552 893 suae
586 829 714 912 quisque
744 830 844 895 tribus
878 847 1064 913 eponymum
1094 829 1279 908 considunt,
1312 830 1366 895 ubi

239 949 294 1014 per
314 933 379 996 tres
401 929 467 995 dies
490 931 619 996 cuilibet
650 932 711 996 ciri
734 933 764 996 in
787 933 1016 1016 magistratum,
1039 951 1167 997 munero
1190 932 1365 1010 abeuntem,

239 1035 392 1099 actionem
415 1034 577 1101 instituere
599 1035 714 1100 licebat
737 1038 817 1118 (cap.
840 1035 893 1102 48.
910 1037 954 1118 4),
986 1036 1018 1100 et
1048 1035 1154 1100 album
1178 1035 1366 1119 epheborum

240 1137 404 1203 atticorum
435 1138 499 1202 aeri
519 1138 652 1204 innisum
676 1139 746 1204 ante
769 1141 913 1204 senatum
935 1157 1030 1221 prope
1055 1141 1174 1204 statuas
1198 1157 1366 1223 eponymo·

240 1259 309 1305 rum
331 1242 426 1306 situm
449 1244 497 1307 est
519 1243 598 1326 (cap.
622 1241 675 1306 53.
692 1243 759 1327 4¹).
805 1243 919 1308 Utrum
951 1261 1048 1327 genus
1076 1242 1206 1324 utroque
1229 1242 1296 1308 loco
1318 1243 1366 1307 in·

243 1343 452 1426 tellegendnm
474 1345 564 1422 esset,
592 1344 708 1409 nemini
730 1345 967 1410 Atheniensium
999 1345 1114 1410 civium
1146 1345 1275 1409 dubium
1298 1363 1365 1409 esse

242 1447 357 1528 potuit,
401 1447 475 1529 quia
514 1467 594 1513 unus
632 1449 677 1512 sic
721 1448 938 1531 appellabatur
980 1448 1067 1512 locus
1110 1447 1215 1530 ibique
1260 1447 1366 1512 decem

238 1551 359 1615 tantum
382 1551 503 1632 statuae
525 1552 644 1633 positae
666 1553 763 1616 erant.
810 1552 868 1617 His
892 1553 1005 1630 auum,
1035 1550 1212 1615 hominibus
1235 1552 1364 1633 graecis,

240 1671 300 1718 non
323 1652 421 1731 nobis,
446 1653 631 1719 Aristoteles
658 1673 713 1718 sua
740 1654 873 1736 scripsit.
928 1654 1032 1720 Primo
1054 1654 1122 1719 loco
1146 1672 1218 1719 cum
1240 1654 1365 1718 uberius

238 1754 278 1820 de
309 1755 448 1820 creandis
479 1756 543 1821 illis
577 1757 715 1821 tribuum
746 1757 906 1840 eponymis
939 1757 1139 1840 disputasset,
1170 1759 1274 1822 nestro
1296 1756 1364 1822 loco

237 1860 344 1942 paucis
366 1879 432 1926 rem
455 1861 612 1926 absolvere
635 1862 773 1942 poterat;
806 1864 898 1944 atque
925 1862 1070 1928 absolvit.
1116 1861 1177 1926 Sed
1199 1860 1364 1929 discrimen

237 1965 397 2046 utriusque
427 1965 549 2048 generis
572 1967 696 2031 omnino
719 1966 843 2030 silentio
866 1967 1033 2048 praeterire
1061 1965 1149 2030 nulla
1169 1965 1287 2030 ratione
1308 1983 1365 2048 po·

238 2065 310 2143 tuit,
332 2067 484 2150 siquidem
500 2069 691 2151 propositum
707 2069 816 2134 babuit
832 2087 989 2151 exponere,
1014 2068 1095 2133 unde
1119 2068 1364 2151 cognosceretur,

238 2169 307 2252 quie
320 2171 482 2254 sexaginta
499 2189 595 2238 annos
611 2174 702 2237 natus
716 2172 808 2237 esset.
842 2173 905 2237 Fac
927 2173 1021 2250 enim,
1044 2171 1247 2237 Aristotelem
1270 2189 1367 2236 enun-

236 2274 350 2338 riarum
365 2274 451 2356 prius
466 2273 623 2359 ἐπώνυμοι
639 2274 717 2339 δέκα
741 2277 797 2360 μὲν
819 2275 847 2339 οἱ
870 2283 932 2340 τῶν
955 2274 1062 2358 φυλῶν
1084 2275 1225 2340 omisisse
1242 2275 1366 2340 statim·

238 2395 297 2459 que
320 2377 364 2442 sic
386 2377 459 2455 fere,
483 2379 642 2444 enuntiato
666 2379 865 2444 antecedente
887 2379 984 2457 finito,
1007 2378 1192 2461 perrexisse:
1224 2378 1284 2440 εἰσὶ
1305 2379 1366 2460 γὰρ

238 2479 393 2565 ἐπώνυμοι
415 2480 469 2544 δύο
493 2483 547 2545 καὶ
570 2483 805 2566 τετταράκοντα
820 2491 882 2547 τῶν
896 2482 1042 2567 ἡλικιῶν.
1082 2481 1193 2546 Nonne
1208 2483 1276 2546 tum
1295 2480 1365 2563 jure

237 2581 471 2661 admiraremur,
505 2602 560 2650 cur
591 2586 723 2667 scriptor
753 2587 811 2650 hoo
842 2603 954 2651 novum
986 2603 1083 2668 genus
1107 2583 1277 2669 ἐπωνύμων
1300 2584 1366 2648 eine

236 2687 302 2751 ulla
322 2685 577 2769 interpretatione
599 2688 796 2754 induxisset?
854 2689 964 2752 Nonne
984 2688 1053 2772 juro
1081 2687 1365 2771 interrogaremus:

237 2791 323 2854 estne
355 2790 481 2855 tertium
505 2810 602 2874 genus
631 2810 853 2876 eponymorum
876 2792 930 2856 aut
952 2792 1097 2873 quartum
1120 2793 1176 2855 aut
1198 2790 1366 2872 quintum?

237 2893 350 2958 Utres
373 2913 455 2960 nunc
477 2914 543 2960 sese
566 2895 669 2974 habet,
693 2895 796 2962 omnia
818 2895 955 2960 dilucida
977 2897 1059 2959 sunt.
1110 2894 1293 2960 Aristoteles
1316 2895 1365 2957 in·

238 2997 314 3079 cipit
335 3017 354 3062 a
375 2998 657 3082 quadragintaviris
678 2999 781 3082 ibique
806 3001 927 3081 saepius
952 2998 1155 3064 diaeteterum
1177 2997 1365 3062 mentionem

236 3102 339 3166 facere
373 3102 489 3180 debuit,
522 3121 615 3185 qnam
647 3103 685 3168 ob
716 3122 779 3168 rem
810 3102 948 3168 decrerit
969 3120 1050 3166 nunc
1072 3101 1110 3165 de
1132 3100 1181 3166 his
1204 3101 1364 3166 disserere·

238 3202 306 3284 Qua
338 3206 369 3269 in
400 3224 434 3270 re
464 3204 493 3270 ei
524 3205 643 3288 placuit
676 3207 789 3271 mimm
821 3206 910 3272 illum
933 3205 1060 3271 modum
1089 3221 1249 3286 exponere,
1283 3202 1365 3267 unde

238 3309 481 3390 cognosceretur,
514 3309 637 3375 cuinam
663 3329 680 3374 e
702 3309 821 3375 civibus
845 3312 929 3374 aetas
953 3307 992 3373 ad
1014 3308 1072 3372 hoc
1094 3325 1207 3371 monus
1230 3308 1365 3371 subcun-

240 3409 314 3475 dum
337 3412 508 3476 necessaria
531 3413 622 3477 esset.
668 3411 755 3492 Quod
780 3431 849 3477 cum
872 3431 889 3474 e
914 3410 1028 3476 tabulis
1047 3409 1180 3494 ἡλικιῶν
1196 3406 1366 3492 ἐπωνύμων

240 3515 369 3597 pateret,
393 3515 491 3582 facere
508 3535 567 3582 non
583 3518 694 3600 potuit,
711 3518 785 3601 quin
804 3517 913 3582 horum
928 3514 1130 3581 meminisset.
1169 3513 1245 3577 lnde
1260 3513 1366 3577 secuta

238 3618 287 3681 est
301 3618 459 3684 annotatio
474 3617 659 3685 brevissima
672 3619 709 3685 de
720 3619 897 3685 discrimine
909 3619 1071 3700 utriusque
1087 3615 1259 3699 ἐπωνύμων
1271 3633 1365 3698 gene·

239 3721 292 3785 ris.
330 3721 438 3805 Neque
448 3723 575 3803 diutius,
590 3743 683 3806 quam
699 3742 822 3789 necesse
833 3724 908 3801 erat,
924 3724 1060 3787 moratus
1074 3719 1250 3786 discrimine
1260 3717 1366 3800 paucis

239 3824 340 3890 verbis
354 3827 462 3892 notato
474 3828 581 3893 statim
593 3826 632 3892 ad
645 3827 868 3893 enarrationem
879 3827 1083 3908 interruptam
1095 3823 1271 3890 revertitur.
1304 3821 1366 3887 aa·

240 3927 355 3995 cillime
370 3929 460 3996 hodie
473 3931 627 4014 quispiam
642 3931 754 4000 melius
769 3931 863 3996 rerba
877 3929 1052 4013 componat,
1075 3927 1129 3992 sed
1142 3926 1258 3992 tradita
1272 3925 1365 3992 verba

236 4137 494 4148 .-..-...---

341 4289 365 4355 1)
384 4292 431 4347 Sic
458 4307 481 4347 e.
509 4307 550 4361 gr.
567 4293 647 4348 Dem.
667 4291 708 4346 20.
733 4295 774 4356 94,
793 4293 836 4346 24.
863 4293 902 4354 18,
923 4291 958 4344 23
984 4291 1024 4354 (ln
1042 4287 1125 4357 lege),
1153 4289 1237 4344 lsocr.
1267 4289 1307 4344 18.
1333 4290 1366 4343 61

236 4378 364 4434 scribunt
390 4379 505 4446 apamien
533 4384 584 4432 τῶν
611 4379 763 4444 ἐπωνύμωνι
791 4381 824 4434 ol.
852 4379 881 4433 L.
908 4380 1003 4446 [range
1026 4378 1166 4443 ἐπωνύμως
1181 4373 1271 4447 ἄρχων
1300 4377 1367 4444 Ispa.

238 4463 316 4520 stud.
335 4465 354 4519 l.
372 4481 397 4534 p.
420 4468 475 4521 179.
511 4482 574 4522 ann.
593 4469 634 4522 65.
