3408 5276
882 501 923 566 42

337 708 460 773 iunctos
492 707 697 790 probatosque
729 708 762 772 in
785 708 982 790 Areopagum
1012 707 1109 772 laotos
1136 705 1247 788 esse¹).
1292 705 1468 788 Utrumque

210 870 213 878 ἢ
338 829 374 874 ex
401 809 574 876 oratoribus
600 809 756 892 graecis²J
780 811 867 876 nobis
887 809 1071 892 jamdudum
1103 810 1210 872 notum
1234 810 1310 872 erat.
1355 807 1466 890 Neque

337 912 395 978 hoc
417 931 514 995 neque
537 912 617 976 illud
639 913 818 978 Aristotelis
840 912 898 978 hoe
920 913 997 991 loco,
1021 913 1076 978 ubi
1098 911 1200 977 officia
1223 911 1464 994 magistratuum

337 1015 531 1098 singulorum
565 1015 775 1098 descripturus
809 1017 895 1092 erat,
928 1016 1086 1082 intererat.
1152 1014 1261 1080 Altero
1293 1032 1365 1080 vero
1396 1014 1466 1078 loco

337 1137 404 1200 cap.
428 1117 480 1182 57.
504 1119 533 1192 4,
565 1118 619 1184 ubi
652 1119 768 1201 patrios
798 1120 996 1201 vetustosque
1024 1117 1187 1203 judicandi
1210 1136 1310 1182 mores
1329 1117 1466 1202 judicio·

335 1241 465 1303 rumque
495 1239 607 1304 genera
638 1241 779 1287 enarrare
811 1222 924 1300 studet,
958 1241 1030 1286 ore
1057 1223 1123 1286 erat
1147 1241 1183 1286 ne
1207 1222 1316 1286 harum
1340 1219 1464 1303 quidem

336 1325 573 1407 quisquiliarum
596 1324 754 1390 oblivisci:
778 1325 956 1391 archontem
978 1344 1084 1408 regem
1103 1323 1296 1406 judicantem
1319 1342 1462 1390 coronam

335 1429 487 1509 myrteam
513 1429 700 1510 deposuisse.
742 1428 850 1510 Neque
872 1427 954 1506 inde,
979 1427 1060 1510 quod
1083 1427 1138 1492 alii
1160 1427 1325 1508 scriptores
1348 1427 1465 1510 graeci,

335 1531 366 1593 in
383 1529 492 1610 primis
507 1529 619 1594 Pollux
644 1530 732 1594 Vlll.
756 1529 809 1605 86,
834 1531 911 1594 hauc
934 1530 1076 1594 lacunam
1094 1529 1316 1594 Aristotcleam
1339 1530 1466 1616 suppla-

334 1634 458 1711 verunt,
490 1634 607 1697 iontem
642 1633 811 1698 Aristotele
843 1634 874 1698 et
905 1633 1078 1696 uberiorem
1111 1634 1142 1696 et
1173 1633 1377 1716 antiquiorem
1409 1652 1464 1699 nos

335 1737 493 1818 aperturos
517 1753 583 1798 esse
607 1736 722 1816 sperari
744 1735 827 1800 licet.
884 1734 964 1799 Nam
988 1734 1064 1798 milri
1088 1735 1212 1817 quidem
1236 1756 1285 1801 res
1307 1756 1368 1803 non
1391 1755 1464 1802 con·

334 1839 472 1903 troversa
504 1856 570 1902 esse
603 1836 737 1916 videtur,
774 1837 934 1902 Pollucem
965 1835 1053 1902 Vlll.
1087 1836 1130 1899 86
1161 1839 1192 1902 et
1221 1837 1310 1902 Vlll.
1341 1839 1384 1902 94
1416 1838 1465 1902 di-

334 1942 423 2005 vulsa
455 1939 666 2022 disjunctaque
699 1941 844 2024 praebere
874 1940 967 2026 verba
999 1939 1221 2020 Philochorea‚
1261 1961 1338 2024 quae
1370 1941 1462 2007 Phot.

335 2064 359 2109 s.
383 2065 411 2108 v.
435 2043 464 2106 ot
486 2043 704 2128 νομοφύλακες
727 2044 757 2108 et
780 2045 838 2108 lex.
855 2043 943 2108 Cant.
964 2062 986 2106 s.
1005 2063 1034 2108 ν.
1057 2043 1275 2129 νομοφύλακες
1297 2045 1464 2129 integriora

334 2149 365 2212 et
388 2147 525 2231 pleniora
550 2150 759 2212 servaverunt.

335 2321 412 2384 Poll.
446 2321 520 2384 Vlll.
555 2321 608 2384 86.
654 2317 695 2401 (οἱ
721 2321 812 2385 Ptol.
839 2339 865 2383 s.
889 2339 917 2384 ν.
945 2319 982 2381 οἱ
1014 2339 1078 2381 νο-
1105 2321 1180 2386 lex.
1215 2320 1364 2386 Cantaba.
1398 2339 1465 2383 νο-

333 2421 422 2486 ἐννέα
457 2425 608 2508 ἄρχοντες
641 2422 970 2507 κιλμορύλακες
1017 2421 1078 2484 τί·
1105 2423 1354 2507 μοιρύλακες
1398 2412 1478 2486 dca-¹

333 2525 544 2608 θεσμοθέται,
563 2543 622 2606 quo
638 2543 692 2586 no·
718 2545 803 2600 νες·
830 2523 915 2601 ἔδοξέ
932 2545 992 2586 τισι
1008 2527 1078 2598 τοὺς
1103 2524 1148 2608 pol
1180 2527 1237 2588 εἰσι
1260 2534 1322 2588 τῶν
1345 2527 1464 2610 θεσμο-

333 2629 415 2690 mine
439 2645 548 2690 novem
567 2625 693 2690 archon·
718 2627 829 2701 αὐτοὺς
851 2627 928 2688 εἶναι
942 2636 1007 2702 τοῖς
1022 2625 1077 2688 θε·
1102 2628 1217 2710 θετιῖιν,
1252 2627 1293 2702 ὡς
1324 2626 1463 2712 Φιλόχο-

332 2731 380 2793 tes
395 2730 694 2811 saepissimepostea
718 2728 902 2814 ομοθὲταις,
929 2727 1001 2792 ἀλλ’
1019 2731 1077 2793 οὐκ
1101 2751 1151 2814 ρος
1174 2731 1206 2794 ἐν
1228 2741 1268 2815 τῇ
1293 2729 1331 2810 ζ’.
1358 2730 1385 2794 οἱ
1409 2731 1466 2816 μὲν

333 2833 505 2915 appellatos
532 2852 597 2898 esse
621 2851 693 2897 con·
717 2833 803 2896 ἔστιν
825 2835 923 2910 οὕτως
944 2857 951 2870 ·
971 2834 999 2897 οἱ
1023 2834 1161 2919 μὲνγὰρ
1206 2836 1357 2919 ἄρχοντες
1394 2833 1462 2898 ἀνέ-

334 2937 408 3018 stat]
444 2935 572 3020 μυρρίνῃ
607 2937 693 3000 ἐστε·
716 2937 1078 3022 γὰρθεσμοθέταικατά
1101 2937 1205 3024 βαινον
1253 2939 1294 3014 εἰς
1338 2935 1465 3021 Ἀρειον

333 3039 485 3121 ιράνωντο.
717 3042 757 3102 τά
772 3040 887 3124 πάτρια
903 3041 1078 3125 ἐστεφανω-
1101 3042 1203 3126 πάγον
1247 3039 1463 3124 ἐστεφανωμέ-

660 3167 663 3173 “
720 3143 803 3229 μένοι
814 3131 871 3207 ’ἐπὶ
887 3149 940 3210 τὸν
952 3145 1078 3230 Ἀρειον
1101 3167 1179 3210 νοι·
1214 3144 1242 3208 oi
1274 3145 1307 3207 δὲ
1330 3142 1483 3228 nepopis.

377 3232 456 3294 9⁰¹¹·
483 3232 558 3294 Vffl·
586 3233 644 3294 94·
718 3248 820 3332 πάγον
843 3248 1023 3334 ἀνέβαινον·
1051 3251 1078 3314 οἱ
1101 3250 1199 3326 λακες
1216 3247 1346 3332 οτράφια
1363 3247 1464 3310 λευκὰ

332 3350 548 3434 νομοφύλακες
561 3349 694 3433 aerequ—
718 3353 751 3415 δὲ
761 3352 979 3438 νομοφύλακες
989 3375 1078 3438 στρο-
1103 3356 1230 3439 ἔχοντες
1262 3354 1317 3414 καὶ
1340 3350 1372 3414 ἐν
1396 3359 1464 3424 ταῖς

333 3475 444 3518 νιιινται
476 3456 531 3538 μὲν
560 3452 694 3537 στροφίῳ
718 3454 796 3538 φίας
818 3455 944 3532 λευκοῖς
963 3457 1079 3541 ἐχρῶν-
1102 3455 1193 3532 θέαις
1236 3453 1373 3518 ἐναντίον
1411 3454 1463 3536 ἀρ-

332 3556 451 3641 λευκῷ,
477 3559 536 3642 τὴν
558 3557 592 3620 δὲ
615 3577 694 3640 πομ-
718 3580 782 3621 το·
831 3561 886 3621 καὶ
931 3559 964 3623 ἐν
1011 3567 1080 3633 ταῖς
1102 3557 1223 3642 χόντων
1268 3556 1463 3635 ἐκαθέζοντο

332 3659 693 3745 πὴνπὲμπουσιτῇθεῷ,
718 3661 809 3737 θέαις
854 3662 905 3724 ἐπὶ
959 3660 1080 3744 θρόνων
1103 3661 1463 3745 καὶτὴνπομπὴνέπεμ-

333 3773 397 3838 τοῖς
424 3764 458 3826 δὲ
481 3763 638 3847 προέδροις
661 3763 694 3825 ἐν
718 3765 1079 3850 ἐκάθηντοκαταντικρὺ
1102 3785 1160 3827 πον
1175 3773 1214 3848 τῇ
1232 3762 1393 3827 Παλλάδι·
1409 3749 1465 3836 τὰς

333 3865 521 3951 ἐκκλησίαις
537 3865 693 3950 συγκαθί-
717 3874 779 3930 τῶν
802 3865 891 3932 ἐννέα
919 3865 1080 3952 ἀρχόντων
1103 3865 1136 3929 δὲ
1159 3867 1261 3951 ἀρχάς
1282 3865 1465 3953 ἠνάγκαζον

358 4057 593 4066 -.μ-,ψ

438 4171 466 4240 1)
485 4171 545 4226 Hoc
562 4171 679 4225 Aristot.
698 4171 739 4226 60.
758 4175 774 4224 3
802 4171 953 4226 occasione
980 4172 1076 4226 oblata
1104 4173 1139 4226 de
1166 4173 1303 4227 archonte
1322 4185 1464 4240 eponymo

332 4258 576 4328 pommemoravit
604 4257 654 4311 scd
681 4258 716 4311 ad
743 4258 828 4311 aliam
855 4271 916 4310 rem
944 4257 1141 4324 explicandam
1161 4256 1264 4313 attulit.
1301 4258 1386 4312 Arist.
1404 4258 1465 4312 3.6

333 4345 428 4398 autem
450 4345 485 4398 de
502 4345 678 4412 temporibus
697 4344 902 4398 vetustissimis
922 4345 989 4412 agit.

437 4430 463 4498 2)
482 4431 547 4498 Lys.
566 4431 608 4484 26.
627 4430 660 4494 8;
683 4428 780 4498 [Demi
798 4431 840 4491 26,
859 4431 893 4495 5;
914 4427 1012 4498 [Demi
1030 4429 1072 4484 58.
1091 4430 1133 4482 27.
