3396 5278
841 498 903 563 100

769 587 975 598 ——-——-

313 733 354 764 =
385 707 435 772 m.
458 705 541 772 Flor.
575 705 623 771 ed.
649 705 764 783 Miller,
796 704 855 768 lex.
878 701 949 785 Seg.
973 701 1009 765 V.
1032 698 1107 762 306.
1132 696 1172 759 15
1204 693 1439 778 τετταράκοντα

315 808 393 886 τίνες
416 808 504 890 εἰσίν,
528 809 624 890 Harp.
650 827 674 872 s.
697 827 726 870 v.
759 808 844 870 κατὰ
867 804 983 890 δήμους
1014 799 1166 876 δικαστάς
1191 826 1228 856 =
1253 796 1338 862 Suid.
1363 814 1386 859 s.
1409 813 1441 859 v.

314 911 505 993 repetuntur.
550 910 642 975 Phot.
665 929 689 974 s.
712 929 742 974 u.
766 907 948 992 τρίακοντα,
972 907 1030 971 lex.
1054 903 1126 987 Sag.
1149 901 1186 965 V.
1211 899 1350 976 300.21,
1374 898 1439 961 He-

315 1014 398 1097 sych.
423 1034 447 1079 s.
470 1033 499 1078 v.
523 1011 690 1097 τριάκοντα
720 1012 777 1077 hos
809 1030 879 1076 cum
912 1010 1008 1076 altero
1040 1004 1226 1091 magistratu
1258 999 1444 1085 συλλογέων

315 1125 370 1180 τοῦ
392 1115 507 1202 δήμου,
532 1118 585 1200 qui
608 1135 624 1180 e
646 1115 775 1198 triginta
798 1115 873 1180 viris
895 1112 1059 1196 compositi
1081 1110 1179 1187 erant,
1204 1105 1353 1172 confudit.

625 1369 661 1450 o)
699 1370 728 1431 ln
752 1369 860 1449 glossa
883 1362 1120 1450 διαιτηταί.

418 1557 498 1621 Pom
531 1556 715 1621 Aristotcles
746 1555 785 1620 ad
812 1553 1060 1637 jurisdictionem
1093 1552 1124 1615 in
1147 1551 1213 1616 loro
1237 1549 1442 1614 diaetctarum

316 1659 462 1725 deflectit.
518 1660 568 1724 Ab
599 1661 695 1740 Harp.
729 1677 752 1722 s.
784 1678 813 1722 v.
846 1686 886 1713 =
917 1657 974 1720 lex.
999 1654 1090 1720 Vind.
1115 1674 1146 1737 p.
1169 1654 1220 1719 43.
1246 1653 1264 1716 1
1290 1681 1328 1709 =
1353 1651 1438 1718 Suid.

316 1781 340 1826 s.
364 1781 393 1826 v.
416 1761 600 1846 διαιτηταῖς,
632 1761 713 1826 Poll.
744 1759 828 1826 VIII.
862 1757 1012 1844 laedar,
1044 1758 1102 1823 Iex.
1135 1757 1204 1842 Seg.
1228 1757 1267 1822 V.
1291 1755 1365 1820 235.
1388 1755 1442 1832 ⁴20,

316 1865 373 1928 lex.
397 1865 486 1929 Dcm.
509 1885 539 1947 p.
566 1863 615 1941 13,
645 1863 739 1928 schol.
771 1863 854 1927 Plat.
877 1862 961 1946 legg.
984 1862 1040 1926 XI.
1063 1859 1137 1926 920.
1162 1861 1190 1924 D
1224 1861 1367 1945 (Ddbner
1398 1859 1440 1922 11.

316 1966 389 2032 466.
412 1967 478 2051 31),
510 1967 643 2050 Hesych.
667 1985 691 2032 s.
716 1986 745 2031 v.
768 1964 927 2051 διαιτηταί
958 1967 1026 2031 tota
1057 1965 1210 2031 enarratio
1241 1965 1327 2028 vario
1350 1961 1443 2026 modo

317 2069 456 2134 adhibita
488 2071 545 2134 cst.
587 2069 812 2150 Harpocration
835 2088 906 2133 cum
929 2074 946 2146 ᾗ
970 2067 990 2129 2
1014 2068 1113 2132 solam
1136 2067 1282 2144 excutiat,
1321 2067 1352 2130 et
1379 2064 1443 2128 alio

316 2173 384 2236 loco
408 2193 432 2238 s.
455 2192 484 2237 v.
508 2171 687 2256 εἰςαγγελία
712 2201 749 2228 =
774 2171 859 2237 Suid.
883 2172 925 2256 gl.
949 2172 979 2235 3.
1004 2171 1064 2236 sibi
1087 2172 1105 2253 ξ
1129 2171 1151 2234 6
1174 2172 1304 2252 promat,
1329 2167 1442 2232 Pollux

316 2275 436 2340 mutato
459 2275 565 2340 ordine
588 2275 722 2357 primum
746 2276 783 2340 de
807 2275 908 2340 aetate
931 2275 1145 2352 diaetetarum,
1170 2275 1238 2339 tum
1262 2273 1299 2337 de
1320 2272 1441 2338 ratione

316 2376 381 2442 litis
398 2377 437 2442 ad
455 2376 576 2460 judIces
597 2376 777 2442 deferendae
793 2379 907 2442 narrat.
947 2376 1035 2456 Quod
1058 2378 1084 2442 si
1099 2376 1307 2441 Wilamouitz
1318 2375 1343 2458 ¹)
1361 2374 1442 2438 hunc

316 2480 419 2544 locum
443 2481 615 2563 exemplum
641 2499 708 2546 esse
731 2480 807 2545 dicIt
829 2482 1048 2562 grammaticos
1064 2480 1181 2544 eisdem
1196 2479 1334 2544 fontibus
1350 2480 1442 2560 atque

320 2582 517 2648 Aristotelem
540 2601 611 2647 usos
634 2602 710 2663 esse,
733 2583 762 2646 ci
784 2582 968 2665 adstipulari
985 2601 1176 2664 nequaquam
1193 2600 1330 2663 possum.
1369 2581 1443 2644 Alia

318 2685 399 2748 enim
422 2683 628 2765 disponendae
650 2685 800 2750 materiae
830 2686 908 2750 ratIo
940 2685 1075 2750 nondum
1107 2685 1325 2768 argumentum
1355 2683 1443 2766 judi-

318 2786 449 2852 candum
472 2790 519 2854 est
541 2787 623 2870 apud
645 2788 837 2871 scriptorem,
860 2790 912 2871 qui
936 2788 1145 2854 diversissima
1168 2787 1397 2867 conglutinasec
1415 2787 1442 2866 ²)

319 2891 351 2955 et
380 2890 474 2955 verbu
505 2891 597 2956 fontis
627 2891 855 2974 transposuisse
871 2891 896 2975 8)
929 2891 996 2975 jam
1032 2891 1238 2956 multifariam
1274 2893 1442 2974 coargutus

318 2995 374 3058 cst.
418 2993 505 3058 Idem
522 3013 593 3059 eum
607 2995 665 3059 hoc
686 2994 753 3060 loco
776 2995 885 3059 fecisse
908 2995 1068 3078 propterea
1088 2995 1153 3060 veri
1168 2994 1269 3059 slmile
1290 2995 1346 3072 est,
1371 2994 1444 3074 quia

318 3095 464 3160 ultimum
499 3095 591 3161 huius
627 3097 813 3180 paragraphi
850 3097 1044 3162 enuntiatum
1080 3098 1147 3162 sine
1185 3096 1279 3161 dubio
1320 3097 1447 3179 propter

319 3198 415 3281 Harp.
439 3216 463 3263 s.
486 3219 516 3263 u.
550 3199 746 3283 παράστασις
776 3200 933 3265 Demetrio
965 3200 1145 3266 Phalerensi
1176 3201 1212 3264 ut
1241 3199 1389 3265 reddatur
1406 3198 1444 3278 ⁴),

319 3320 442 3366 necesse
465 3303 522 3366 est.
566 3303 649 3386 Ergo
680 3302 761 3368 hunc
792 3323 913 3387 quoque
944 3304 1046 3368 locum
1078 3323 1171 3386 supra
1206 3303 1312 3368 afferre
1345 3303 1443 3384 potui.

319 3422 408 3483 cum,
446 3405 520 3487 quid
556 3405 668 3470 Pollux
705 3407 868 3472 Aristoteli
904 3408 965 3490 ipsi
1002 3407 1178 3484 debuisset,
1223 3404 1441 3490 perscrutarer.

320 3507 410 3587 Quod
441 3508 467 3571 si
498 3510 680 3591 aspernatus
708 3528 787 3593 sum,
818 3511 934 3576 lamam
957 3511 1128 3577 dubitantis
1151 3529 1244 3592 quam
1267 3509 1444 3575 festinantis

318 3610 351 3673 in
381 3629 431 3674 me
462 3612 597 3694 recipere
627 3612 735 3676 malui.
789 3613 871 3677 Nam
902 3633 1090 3696 quamquam
1127 3613 1264 3678 Pollucis
1300 3613 1393 3678 uerba
1424 3631 1443 3676 a

320 3713 430 3778 ceteris
451 3715 676 3798 lexIcographis
699 3716 774 3780 satis
798 3716 982 3798 discrepant,
1020 3717 1125 3781 tamen
1148 3716 1328 3781 Aristotelis
1351 3715 1443 3780 verba

316 3815 383 3897 jam
414 3817 458 3879 sic
490 3817 649 3881 decurtata
681 3817 825 3895 evadunt,
859 3818 895 3882 ut
917 3819 1020 3899 potius
1044 3818 1082 3882 ab
1106 3817 1167 3883 allo
1190 3817 1328 3900 quolibet
1350 3817 1448 3882 tertio

425 4157 450 4225 1)
469 4158 486 4212 1.
505 4159 522 4210 1.
544 4158 554 4210 1
572 4173 597 4225 p.
617 4158 675 4212 257.
696 4172 759 4211 ann.
781 4159 836 4213 150.

422 4245 539 4310 2)V111.
559 4246 599 4298 97.
619 4245 660 4299 98.
680 4245 713 4299 cf.
733 4259 819 4312 supra
835 4259 861 4312 p.
880 4245 990 4299 60-62.

423 4331 451 4396 3)
471 4331 503 4383 cl.
523 4345 609 4398 supra
626 4345 651 4398 p.
671 4333 711 4384 53.

422 4416 449 4483 4)
470 4417 504 4470 cf.
524 4417 664 4485 Stojeutin
683 4419 699 4470 I.
719 4419 735 4471 l.
755 4433 780 4486 p.
801 4419 840 4472 18.
