3396 5278
839 505 899 568 104

209 710 359 792 μισθοῦσι
403 709 437 773 δὲ
476 712 517 774 τὰ
548 710 586 773 10
629 711 683 773 τὸν
718 711 853 795 ἀριθμὸν
880 711 943 773 ἀπὸ
980 711 1019 774 10
1058 708 1203 792 ἀνδρῶν,ί
1226 709 1269 784 είς
1300 708 1363 771 ἀπὸ
1395 706 1544 792 ἑκάστης

208 811 403 896 μισθώματα
414 813 517 876 πάντα
545 813 663 897 ἄνδρες,
682 813 725 888 είς
742 813 780 876 ἐκ
797 821 854 897 τῆς
880 813 910 875 οἳ
926 814 1037 876 καὶτὰ
1055 802 1203 895 aranon-¹
1225 809 1339 894 φυλῆς,
1368 809 1471 874 πάντα
1495 812 1544 872 τὰ

209 917 264 980 καί
300 917 340 978 τὰ
374 914 517 1000 μέταλλα
544 915 647 1000 φυλῆς
687 914 850 1000 ἑκάστης·
881 914 1000 1000 κώμενα
1033 915 1093 977 ὑπὸ
1132 921 1190 997 τῆς
1224 912 1364 999 δημόσια
1378 911 1455 997 τέλη
1471 933 1542 976 πω-

207 1017 346 1082 πώλοῦσι
386 1021 441 1082 καί
477 1020 517 1082 τὰ
544 1018 694 1082 διοικοῦσι
710 1018 852 1082 δέτὰπι-
880 1017 1002 1092 πόλεως
1019 1017 1123 1080 πάντα
1140 1013 1188 1078 τέ·
1225 1016 1336 1080 λοῠοι·
1363 1013 1479 1079 ἐπώλει
1502 1014 1543 1076 δὲ

157 1203 160 1208 ¹
208 1121 356 1207 τέλη...
375 1141 516 1185 κατακυ-
545 1121 748 1207 πρασκώμενα
793 1120 853 1182 ὑπὸ
881 1121 923 1204 λη
959 1122 1013 1184 καί
1046 1117 1204 1204 μέταλλα.
1226 1121 1281 1182 καὶ
1312 1121 1352 1182 τὰ
1384 1116 1542 1201 κτήματα

208 1235 292 1308 ροῠσι
307 1273 314 1288 .
330 1273 361 1288 ..
397 1227 452 1288 καί
477 1227 517 1288 τὰ
546 1221 853 1308 τῆςπόλεωςποίντα,
881 1226 937 1287 καί
952 1220 1123 1308 μισθώσεις
1136 1216 1204 1284 καί
1226 1225 1266 1286 τὰ
1289 1221 1499 1308 δημευόμενα.

209 1327 374 1411 πραθέντα
400 1325 516 1412 μέταλ-
544 1325 623 1411 τέλη
640 1329 695 1390 καί
710 1325 855 1411 μέταλλα
882 1326 1032 1412 κτήματα
1057 1323 1190 1410 δημευό-

209 1429 251 1495 λα
273 1429 345 1494 κτλ.
545 1431 600 1492 καὶ
613 1429 784 1514 μισθώσεις
799 1431 855 1491 καί
882 1450 960 1515 μενα
970 1427 1122 1509 πωλοῦσι,
1137 1428 1191 1490 καί

545 1533 586 1594 τὰ
608 1531 817 1618 δημευόμενα.
882 1530 1116 1615 φροντίζουσιν,
1160 1502 1206 1645 dl

882 1656 947 1710 πως
983 1634 1104 1718 ἡτιμὴ
1129 1641 1206 1695 τῶνΙ

882 1735 1144 1820 πιπρασκομένων
1157 1736 1191 1797 ἀ-

882 1839 1007 1923 ποδοθῇ
1024 1849 1063 1923 τῇ
1088 1838 1208 1932 adlati

414 2044 692 2126 Harpocrationem
724 2061 916 2108 communem
948 2044 1108 2108 amborum
1131 2045 1298 2109 lexioorum
1319 2043 1435 2109 fontem

313 2149 420 2227 fuisse,
459 2147 647 2213 confidentes
679 2166 791 2230 negare
822 2166 999 2230 possumne,
1030 2148 1102 2230 quin
1133 2148 1208 2212 haeo
1239 2147 1333 2212 verbo
1364 2150 1436 2228 apto

313 2251 443 2334 πωλεῖν,
477 2252 532 2316 ille
555 2252 659 2334 ampla
681 2251 804 2316 natione
833 2250 961 2314 διοικεῖν
982 2270 1056 2314 usus
1080 2253 1137 2316 est.
1181 2253 1260 2314 Tum
1283 2251 1342 2315 lex.
1366 2250 1436 2333 Sag.

313 2355 351 2419 V.
373 2357 530 2438 postremo
554 2355 713 2419 enuntiato
737 2374 843 2420 euram
866 2353 1028 2436 vectigalis
1048 2355 1187 2438 exigendi
1205 2355 1321 2437 attigit,
1344 2373 1436 2437 quam

314 2459 500 2524 Aristoteles
523 2459 574 2522 54.
599 2459 683 2522 3-o
715 2459 781 2523 fuse
805 2457 954 2538 exposuit,
987 2459 1024 2521 ab
1051 2456 1292 2539 Harpocratione
1315 2458 1438 2522 omnino

315 2562 471 2625 omissam.
526 2561 611 2640 Quae
642 2562 753 2626 Pollux
784 2560 948 2626 Aristoteli
985 2561 1086 2624 aliena
1116 2561 1174 2625 hoo
1204 2561 1271 2625 looo
1307 2559 1439 2638 addidit,

316 2664 450 2746 plurima
481 2683 517 2727 ex
548 2665 636 2745 parte
662 2665 797 2728 elexioo
818 2663 972 2728 rhetorico
995 2665 1168 2728 manavisse
1193 2663 1291 2729 oredo.
1336 2664 1440 2728 Verba

315 2767 395 2850 μετὰ
418 2767 471 2829 τδν
493 2763 642 2850 πρότερον
664 2765 759 2850 λόγον
782 2767 800 2850 §
825 2765 896 2843 117,
922 2786 998 2834 oum
1021 2767 1058 2830 de
1085 2765 1212 2850 judiciis
1243 2765 1317 2850 egit,
1349 2785 1440 2848 repe-

315 2869 387 2932 livit
410 2871 441 2934 et
463 2888 499 2934 ex
515 2869 604 2934 Dem.
620 2868 674 2936 23.
693 2867 737 2932 69
758 2869 846 2936 nobis
869 2870 943 2934 nota
966 2870 1048 2934 sunt.
1093 2869 1182 2934 Unde
1206 2865 1378 2934 doctrinam
1402 2869 1439 2933 de

316 2972 455 3053 praeside
477 2973 652 3054 polotarum
676 2973 852 3055 sumpserit,
883 2973 962 3037 mihi
985 2976 1108 3038 strenue
1130 2973 1305 3050 meditanti,
1333 2975 1369 3038 ut
1390 2973 1439 3037 in-

316 3074 511 3156 vestigarem,
543 3093 604 3139 non
629 3076 773 3157 ¹contigit.
817 3075 982 3154 MetoeooS,
1016 3077 1069 3158 qui
1091 3077 1243 3140 tributum
1267 3095 1357 3141 sunm
1379 3095 1438 3140 non

279 3215 283 3228 ι
317 3176 490 3253 solvissent,
523 3178 562 3242 ad
585 3178 641 3244 hos
663 3179 863 3262 magistratus
886 3180 917 3243 in
947 3179 1099 3262 judicium
1123 3181 1285 3246 arcessitos
1309 3194 1385 3258 esse,
1409 3183 1441 3244 et

312 3301 353 3346 ox
384 3281 474 3346 Dem.
505 3281 558 3346 25.
590 3281 631 3344 57
663 3283 777 3347 seimus
809 3283 840 3348 et
872 3283 954 3365 apud
985 3283 1132 3364 Harpoor.
1165 3303 1188 3348 s.
1222 3303 1251 3348 v.
1285 3284 1440 3369 μετοίκιον

311 3404 412 3467 paene
435 3384 546 3450 iisdem
568 3386 670 3451 verbis
693 3388 843 3452 narratur.

400 3557 495 3639 tlerp.
519 3576 544 3621 s.
569 3577 597 3621 ν.
621 3555 776 3641 μετοίκιον
1040 3559 1120 3623 Poll.
1143 3561 1218 3624 Vlll.
1244 3562 1300 3625 99.

311 3709 346 3772 σί
378 3709 480 3795 μέντοι
513 3713 556 3796 μὴ
580 3711 721 3788 τιθέντες
743 3715 779 3776 τὸ
804 3735 856 3798 με·
901 3713 1062 3798 ἀπήγοντο
1111 3711 1145 3774 δὲ
1192 3715 1268 3796 πρὸς
1315 3715 1443 3790 τούτους

313 3811 434 3876 τοίκιον
451 3813 588 3898 μέτοικοι
604 3815 764 3899 ἀπήγοντο
783 3819 857 3900 πρὸς
902 3819 956 3879 καὶ
980 3815 1007 3878 οί
1039 3813 1194 3899 μετοίκιον
1218 3818 1261 3900 μὴ
1286 3817 1439 3893 τιθέντες.

219 3943 241 3982 ·,
315 3917 390 3991 τοὺς
412 3914 574 4000 πωλητάς.
610 3925 613 3930 ’

423 4104 521 4171 Credo
544 4126 593 4171 me
616 4126 676 4172 nou
699 4107 777 4183 falli,
801 4107 828 4171 si
850 4126 886 4172 ex
907 4107 965 4173 hoo
987 4125 1136 4174 consensu
1152 4126 1346 4173 communem
1361 4107 1443 4172 Har-

317 4209 490 4291 pocrationi
515 4209 695 4292 Polluoique
718 4211 833 4274 sontem
856 4212 979 4294 praesto
996 4211 1090 4276 fuisse
1107 4211 1240 4290 credam,
1265 4211 1347 4276 unde
1362 4211 1444 4275 huno

320 4313 453 4395 primum
478 4332 597 4396 quoque
620 4313 867 4380 additamentum
899 4317 979 4399 μετὰ
1001 4317 1054 4378 τὸν
1076 4315 1225 4399 πρότερον
1248 4313 1344 4399 λόγον
1365 4315 1444 4380 hau·

321 4417 398 4482 sisse
413 4418 476 4482 veri
492 4417 602 4496 simile,
627 4419 759 4483 alterum
774 4419 959 4502 πρυτανεύει
975 4417 1049 4496 δ’ἐξ
1064 4407 1168 4484 αὐτῶν
1184 4420 1240 4501 είς,
1267 4419 1301 4494 ὃς
1324 4421 1365 4482 τὰ
1380 4440 1444 4482 πώ-
