<?xml version="1.0" encoding="UTF-8"?>
<!DOCTYPE html PUBLIC "-//W3C//DTD XHTML 1.0 Transitional//EN"
    "http://www.w3.org/TR/xhtml1/DTD/xhtml1-transitional.dtd">
<html xmlns="http://www.w3.org/1999/xhtml" xml:lang="en" lang="en">
 <head>
  <title>
</title>
<meta http-equiv="Content-Type" content="text/html;charset=utf-8" />
  <meta name='ocr-system' content='tesseract 3.04.00' />
  <meta name='ocr-capabilities' content='ocr_page ocr_carea ocr_par ocr_line ocrx_word'/>
</head>
<body>
  <div class='ocr_page' id='page_1' title='image "./dearistotelispo01bursgoog_0075.png"; bbox 0 0 3408 5276; ppageno 0'>
   <div class='ocr_carea' id='block_1_1' title="bbox 883 489 926 554">
    <p class='ocr_par' dir='ltr' id='par_1_1' title="bbox 883 489 926 554">
     <span class='ocr_line' id='line_1_1' title="bbox 883 489 926 554; baseline 0 0"><span class='ocrx_word' id='word_1_1' title='bbox 883 489 926 554; x_wconf 83' lang='grc'><strong>62</strong></span> 
     </span>
    </p>
   </div>
   <div class='ocr_carea' id='block_1_2' title="bbox 340 691 1469 1282">
    <p class='ocr_par' dir='ltr' id='par_1_2' title="bbox 340 691 1469 1282">
     <span class='ocr_line' id='line_1_2' title="bbox 340 691 1468 784; baseline -0.001 -18"><span class='ocrx_word' id='word_1_2' title='bbox 340 700 428 784; x_wconf 90' lang='grc'><strong>33331</strong></span> <span class='ocrx_word' id='word_1_3' title='bbox 450 715 624 782; x_wconf 89' lang='lat' dir='ltr'><strong>possumus,</strong></span> <span class='ocrx_word' id='word_1_4' title='bbox 643 691 723 780; x_wconf 79' lang='lat' dir='ltr'><strong>‘quid</strong></span> <span class='ocrx_word' id='word_1_5' title='bbox 746 694 870 760; x_wconf 83' lang='lat' dir='ltr'>Polluci</span> <span class='ocrx_word' id='word_1_6' title='bbox 893 695 1089 762; x_wconf 90' lang='lat' dir='ltr'><strong>scribendum</strong></span> <span class='ocrx_word' id='word_1_7' title='bbox 1115 696 1219 775; x_wconf 84' lang='lat' dir='ltr'><strong>suerit,</strong></span> <span class='ocrx_word' id='word_1_8' title='bbox 1243 697 1271 762; x_wconf 91' lang='lat' dir='ltr'><strong>si</strong></span> <span class='ocrx_word' id='word_1_9' title='bbox 1289 697 1468 766; x_wconf 89' lang='lat' dir='ltr'><strong>Aristotelis</strong></span> 
     </span>
     <span class='ocr_line' id='line_1_3' title="bbox 341 800 1469 886; baseline -0.001 -17"><span class='ocrx_word' id='word_1_10' title='bbox 341 803 579 886; x_wconf 88' lang='lat' dir='ltr'><strong>Rempublioam</strong></span> <span class='ocrx_word' id='word_1_11' title='bbox 601 800 838 868; x_wconf 76' lang='lat' dir='ltr'><strong>Atheniensium</strong></span> <span class='ocrx_word' id='word_1_12' title='bbox 871 800 902 864; x_wconf 92' lang='lat' dir='ltr'><strong>in</strong></span> <span class='ocrx_word' id='word_1_13' title='bbox 934 817 1043 864; x_wconf 89' lang='lat' dir='ltr'><strong>manus</strong></span> <span class='ocrx_word' id='word_1_14' title='bbox 1066 800 1259 882; x_wconf 84' lang='lat' dir='ltr'><strong>sumpsisset</strong></span> <span class='ocrx_word' id='word_1_15' title='bbox 1304 801 1469 868; x_wconf 87' lang='lat' dir='ltr'><strong>Praeterea</strong></span> 
     </span>
     <span class='ocr_line' id='line_1_4' title="bbox 342 902 1468 990; baseline 0 -18"><span class='ocrx_word' id='word_1_16' title='bbox 342 905 531 972; x_wconf 83' lang='lat' dir='ltr'><strong>conveniunt</strong></span> <span class='ocrx_word' id='word_1_17' title='bbox 561 905 666 988; x_wconf 90' lang='lat' dir='ltr'><strong>aliqua</strong></span> <span class='ocrx_word' id='word_1_18' title='bbox 695 923 731 970; x_wconf 84' lang='lat' dir='ltr'><strong>cr</strong></span> <span class='ocrx_word' id='word_1_19' title='bbox 756 903 852 985; x_wconf 87' lang='lat' dir='ltr'><strong>parto,</strong></span> <span class='ocrx_word' id='word_1_20' title='bbox 887 921 966 986; x_wconf 88' lang='grc'><strong>3333</strong></span> <span class='ocrx_word' id='word_1_21' title='bbox 989 902 1085 969; x_wconf 90' lang='lat' dir='ltr'><strong>schol.</strong></span> <span class='ocrx_word' id='word_1_22' title='bbox 1108 902 1221 969; x_wconf 87' lang='lat' dir='ltr'><strong>Aesoh.</strong></span> <span class='ocrx_word' id='word_1_23' title='bbox 1252 903 1283 968; x_wconf 88' lang='lat'><strong>3.</strong></span> <span class='ocrx_word' id='word_1_24' title='bbox 1315 903 1358 968; x_wconf 84' lang='grc'><strong>25</strong></span> <span class='ocrx_word' id='word_1_25' title='bbox 1388 906 1468 990; x_wconf 82' lang='lat' dir='ltr'><strong>legi-</strong></span> 
     </span>
     <span class='ocr_line' id='line_1_5' title="bbox 340 1004 1468 1093; baseline -0.001 -19"><span class='ocrx_word' id='word_1_26' title='bbox 340 1029 428 1074; x_wconf 88' lang='lat' dir='ltr'><strong>mus:</strong></span> <span class='ocrx_word' id='word_1_27' title='bbox 452 1009 655 1074; x_wconf 84' lang='grc' dir='ltr'>ἀποδεκτῶν·</span> <span class='ocrx_word' id='word_1_28' title='bbox 681 1006 841 1071; x_wconf 75' lang='lat' dir='ltr'><strong>obsoletos</strong></span> <span class='ocrx_word' id='word_1_29' title='bbox 863 1004 972 1091; x_wconf 76' lang='grc' dir='ltr'>ταμίαι</span> <span class='ocrx_word' id='word_1_30' title='bbox 995 1007 1135 1091; x_wconf 79' lang='grc' dir='ltr'>εἰςφορὰς</span> <span class='ocrx_word' id='word_1_31' title='bbox 1156 1009 1212 1071; x_wconf 81' lang='grc' dir='ltr'><strong>καὶ</strong></span> <span class='ocrx_word' id='word_1_32' title='bbox 1234 1007 1344 1093; x_wconf 82' lang='grc' dir='ltr'>φόρους</span> <span class='ocrx_word' id='word_1_33' title='bbox 1366 1030 1468 1093; x_wconf 87' lang='grc' dir='ltr'>παρα-</span> 
     </span>
     <span class='ocr_line' id='line_1_6' title="bbox 341 1109 1467 1198; baseline 0.001 -22"><span class='ocrx_word' id='word_1_34' title='bbox 341 1111 562 1198; x_wconf 80' lang='grc' dir='ltr'><strong>λαμβάνοντες.</strong></span> <span class='ocrx_word' id='word_1_35' title='bbox 602 1110 702 1192; x_wconf 81' lang='lat' dir='ltr'><strong>Quam</strong></span> <span class='ocrx_word' id='word_1_36' title='bbox 721 1111 759 1176; x_wconf 98' lang='lat' dir='ltr'><strong>ob</strong></span> <span class='ocrx_word' id='word_1_37' title='bbox 775 1129 842 1176; x_wconf 91' lang='lat' dir='ltr'><strong>rem</strong></span> <span class='ocrx_word' id='word_1_38' title='bbox 858 1109 965 1174; x_wconf 90' lang='lat' dir='ltr'><strong>dubito</strong></span> <span class='ocrx_word' id='word_1_39' title='bbox 989 1128 1028 1174; x_wconf 87' lang='lat' dir='ltr'><strong>an</strong></span> <span class='ocrx_word' id='word_1_40' title='bbox 1050 1109 1167 1176; x_wconf 80' lang='lat' dir='ltr'><strong>lexicon</strong></span> <span class='ocrx_word' id='word_1_41' title='bbox 1189 1109 1375 1176; x_wconf 88' lang='lat' dir='ltr'><strong>rhetoricum</strong></span> <span class='ocrx_word' id='word_1_42' title='bbox 1399 1113 1467 1177; x_wconf 82' lang='lat' dir='ltr'><strong>sons</strong></span> 
     </span>
     <span class='ocr_line' id='line_1_7' title="bbox 341 1215 521 1282; baseline 0.011 -2"><span class='ocrx_word' id='word_1_43' title='bbox 341 1215 396 1280; x_wconf 91' lang='grc'><strong>1113</strong></span> <span class='ocrx_word' id='word_1_44' title='bbox 419 1215 521 1282; x_wconf 85' lang='lat' dir='ltr'><strong>buerit.</strong></span> 
     </span>
    </p>
   </div>
   <div class='ocr_carea' id='block_1_3' title="bbox 289 1333 1470 3587">
    <p class='ocr_par' dir='ltr' id='par_1_3' title="bbox 341 1333 1470 1832">
     <span class='ocr_line' id='line_1_8' title="bbox 443 1333 1468 1420; baseline 0.001 -21"><span class='ocrx_word' id='word_1_45' title='bbox 443 1333 529 1415; x_wconf 79' lang='lat' dir='ltr'><strong>Quae</strong></span> <span class='ocrx_word' id='word_1_46' title='bbox 551 1335 663 1402; x_wconf 83' lang='lat' dir='ltr'>Pollux</span> <span class='ocrx_word' id='word_1_47' title='bbox 695 1336 713 1418; x_wconf 61' lang='grc' dir='ltr'><strong>ξ</strong></span> <span class='ocrx_word' id='word_1_48' title='bbox 740 1333 842 1420; x_wconf 67' lang='grc'><strong>98199</strong></span> <span class='ocrx_word' id='word_1_49' title='bbox 875 1335 913 1400; x_wconf 91' lang='lat' dir='ltr'><strong>de</strong></span> <span class='ocrx_word' id='word_1_50' title='bbox 945 1335 1054 1402; x_wconf 85' lang='lat' dir='ltr'><strong>scribis</strong></span> <span class='ocrx_word' id='word_1_51' title='bbox 1085 1335 1211 1417; x_wconf 86' lang='lat' dir='ltr'><strong>profert,</strong></span> <span class='ocrx_word' id='word_1_52' title='bbox 1242 1335 1354 1400; x_wconf 90' lang='lat' dir='ltr'><strong>melius</strong></span> <span class='ocrx_word' id='word_1_53' title='bbox 1386 1338 1468 1418; x_wconf 90' lang='lat' dir='ltr'><strong>apud</strong></span> 
     </span>
     <span class='ocr_line' id='line_1_9' title="bbox 342 1439 1468 1524; baseline 0.001 -20"><span class='ocrx_word' id='word_1_54' title='bbox 342 1439 542 1506; x_wconf 76' lang='lat' dir='ltr'><strong>Aristotelem</strong></span> <span class='ocrx_word' id='word_1_55' title='bbox 567 1440 618 1504; x_wconf 89' lang='lat'><strong>54.</strong></span> <span class='ocrx_word' id='word_1_56' title='bbox 634 1439 699 1518; x_wconf 83' lang='lat'><strong>3,4</strong></span> <span class='ocrx_word' id='word_1_57' title='bbox 722 1440 854 1524; x_wconf 86' lang='lat' dir='ltr'><strong>legimus</strong></span> <span class='ocrx_word' id='word_1_58' title='bbox 867 1440 901 1522; x_wconf 87' lang='lat'><strong>²).</strong></span> <span class='ocrx_word' id='word_1_59' title='bbox 947 1439 1023 1504; x_wconf 83' lang='lat' dir='ltr'><strong>Tres</strong></span> <span class='ocrx_word' id='word_1_60' title='bbox 1045 1439 1134 1504; x_wconf 91' lang='lat' dir='ltr'><strong>erant</strong></span> <span class='ocrx_word' id='word_1_61' title='bbox 1155 1439 1274 1504; x_wconf 89' lang='lat' dir='ltr'><strong>scribae</strong></span> <span class='ocrx_word' id='word_1_62' title='bbox 1289 1439 1468 1505; x_wconf 90' lang='lat' dir='ltr'><strong>Aristotelis</strong></span> 
     </span>
     <span class='ocr_line' id='line_1_10' title="bbox 341 1541 1470 1628; baseline 0.002 -22"><span class='ocrx_word' id='word_1_63' title='bbox 341 1543 496 1625; x_wconf 88' lang='lat' dir='ltr'><strong>tompore:</strong></span> <span class='ocrx_word' id='word_1_64' title='bbox 539 1546 569 1628; x_wconf 80' lang='grc'><strong>1)</strong></span> <span class='ocrx_word' id='word_1_65' title='bbox 592 1544 609 1607; x_wconf 85' lang='grc' dir='ltr'><strong>ὁ</strong></span> <span class='ocrx_word' id='word_1_66' title='bbox 632 1546 717 1608; x_wconf 80' lang='grc' dir='ltr'>κατὰ</span> <span class='ocrx_word' id='word_1_67' title='bbox 739 1543 939 1628; x_wconf 79' lang='grc' dir='ltr'>πρυτανείαν,</span> <span class='ocrx_word' id='word_1_68' title='bbox 974 1542 1007 1627; x_wconf 93' lang='grc'><strong>2)</strong></span> <span class='ocrx_word' id='word_1_69' title='bbox 1031 1543 1047 1606; x_wconf 82' lang='grc' dir='ltr'>ὁ</span> <span class='ocrx_word' id='word_1_70' title='bbox 1070 1542 1121 1606; x_wconf 86' lang='grc' dir='ltr'><strong>ἐπὶ</strong></span> <span class='ocrx_word' id='word_1_71' title='bbox 1144 1544 1215 1619; x_wconf 87' lang='grc' dir='ltr'>τοὺς</span> <span class='ocrx_word' id='word_1_72' title='bbox 1237 1541 1360 1627; x_wconf 80' lang='grc' dir='ltr'>νόμους,</span> <span class='ocrx_word' id='word_1_73' title='bbox 1393 1543 1470 1623; x_wconf 74' lang='lat' dir='ltr'><strong>{tid</strong></span> 
     </span>
     <span class='ocr_line' id='line_1_11' title="bbox 342 1644 1466 1732; baseline 0.001 -24"><span class='ocrx_word' id='word_1_74' title='bbox 342 1655 398 1709; x_wconf 82' lang='grc' dir='ltr'>τοῦ</span> <span class='ocrx_word' id='word_1_75' title='bbox 414 1645 533 1732; x_wconf 78' lang='grc' dir='ltr'>δήμου.</span> <span class='ocrx_word' id='word_1_76' title='bbox 556 1644 780 1730; x_wconf 80' lang='grc' dir='ltr'>Ἀντιγραρεὺς</span> <span class='ocrx_word' id='word_1_77' title='bbox 803 1655 861 1730; x_wconf 71' lang='grc' dir='ltr'>τῆς</span> <span class='ocrx_word' id='word_1_78' title='bbox 876 1645 1060 1730; x_wconf 78' lang='grc' dir='ltr'>διοικήσεως</span> <span class='ocrx_word' id='word_1_79' title='bbox 1078 1663 1173 1727; x_wconf 89' lang='grc'><strong>33333</strong></span> <span class='ocrx_word' id='word_1_80' title='bbox 1197 1647 1289 1727; x_wconf 88' lang='grc'><strong>31333</strong></span> <span class='ocrx_word' id='word_1_81' title='bbox 1313 1646 1330 1710; x_wconf 86' lang='grc' dir='ltr'><strong>ὁ</strong></span> <span class='ocrx_word' id='word_1_82' title='bbox 1353 1645 1404 1709; x_wconf 83' lang='grc' dir='ltr'><strong>ἐπὶ</strong></span> <span class='ocrx_word' id='word_1_83' title='bbox 1428 1655 1466 1730; x_wconf 70' lang='grc' dir='ltr'>τῇ</span> 
     </span>
     <span class='ocr_line' id='line_1_12' title="bbox 343 1747 1469 1832; baseline 0.002 -22"><span class='ocrx_word' id='word_1_84' title='bbox 343 1747 495 1832; x_wconf 75' lang='grc' dir='ltr'>διοικήσει</span> <span class='ocrx_word' id='word_1_85' title='bbox 526 1750 564 1814; x_wconf 94' lang='lat' dir='ltr'><strong>ab</strong></span> <span class='ocrx_word' id='word_1_86' title='bbox 596 1749 765 1814; x_wconf 73' lang='lat' dir='ltr'><strong>Aristotele</strong></span> <span class='ocrx_word' id='word_1_87' title='bbox 804 1749 1041 1814; x_wconf 86' lang='lat' dir='ltr'><strong>commemorari</strong></span> <span class='ocrx_word' id='word_1_88' title='bbox 1079 1768 1138 1815; x_wconf 94' lang='lat' dir='ltr'><strong>non</strong></span> <span class='ocrx_word' id='word_1_89' title='bbox 1173 1750 1358 1832; x_wconf 88' lang='lat' dir='ltr'><strong>potuerunt,</strong></span> <span class='ocrx_word' id='word_1_90' title='bbox 1396 1750 1469 1831; x_wconf 88' lang='grc'><strong>3313</strong></span> 
     </span>
    </p>

    <p class='ocr_par' dir='ltr' id='par_1_4' title="bbox 289 1851 1469 3587">
     <span class='ocr_line' id='line_1_13' title="bbox 342 1851 1468 1936; baseline 0.001 -21"><span class='ocrx_word' id='word_1_91' title='bbox 342 1853 470 1934; x_wconf 88' lang='lat' dir='ltr'><strong>uterque</strong></span> <span class='ocrx_word' id='word_1_92' title='bbox 493 1852 694 1936; x_wconf 83' lang='lat' dir='ltr'><strong>magistratus</strong></span> <span class='ocrx_word' id='word_1_93' title='bbox 716 1852 781 1916; x_wconf 92' lang='lat' dir='ltr'><strong>illis</strong></span> <span class='ocrx_word' id='word_1_94' title='bbox 803 1852 998 1934; x_wconf 87' lang='lat' dir='ltr'><strong>temporibus</strong></span> <span class='ocrx_word' id='word_1_95' title='bbox 1020 1853 1145 1936; x_wconf 87' lang='lat' dir='ltr'><strong>ignotus</strong></span> <span class='ocrx_word' id='word_1_96' title='bbox 1169 1858 1244 1918; x_wconf 84' lang='lat' dir='ltr'><strong>erat.</strong></span> <span class='ocrx_word' id='word_1_97' title='bbox 1291 1851 1349 1918; x_wconf 86' lang='lat' dir='ltr'><strong>Sed</strong></span> <span class='ocrx_word' id='word_1_98' title='bbox 1372 1854 1468 1918; x_wconf 89' lang='lat' dir='ltr'><strong>etiam</strong></span> 
     </span>
     <span class='ocr_line' id='line_1_14' title="bbox 289 1941 1468 2042; baseline 0.003 -26"><span class='ocrx_word' id='word_1_99' title='bbox 289 1941 292 1948; x_wconf 49' lang='lat'>¹</span> <span class='ocrx_word' id='word_1_100' title='bbox 344 1954 535 2038; x_wconf 79' lang='grc' dir='ltr'>ἀντιγραιρὲα</span> <span class='ocrx_word' id='word_1_101' title='bbox 558 1964 616 2039; x_wconf 78' lang='grc' dir='ltr'>τῆς</span> <span class='ocrx_word' id='word_1_102' title='bbox 638 1954 766 2042; x_wconf 75' lang='grc' dir='ltr'>βουλῆς,</span> <span class='ocrx_word' id='word_1_103' title='bbox 791 1956 850 2020; x_wconf 85' lang='grc'><strong>3131</strong></span> <span class='ocrx_word' id='word_1_104' title='bbox 874 1956 1095 2038; x_wconf 76' lang='lat' dir='ltr'><strong>Harpocration</strong></span> <span class='ocrx_word' id='word_1_105' title='bbox 1108 1954 1133 2040; x_wconf 85' lang='lat'><strong>²)</strong></span> <span class='ocrx_word' id='word_1_106' title='bbox 1157 1954 1214 2022; x_wconf 86' lang='lat' dir='ltr'><strong>hoo</strong></span> <span class='ocrx_word' id='word_1_107' title='bbox 1237 1955 1402 2035; x_wconf 80' lang='lat' dir='ltr'><strong>contendit,</strong></span> <span class='ocrx_word' id='word_1_108' title='bbox 1435 1955 1468 2018; x_wconf 90' lang='grc'><strong>13</strong></span> 
     </span>
     <span class='ocr_line' id='line_1_15' title="bbox 344 2057 1469 2141; baseline 0.003 -22"><span class='ocrx_word' id='word_1_109' title='bbox 344 2057 451 2122; x_wconf 90' lang='lat' dir='ltr'><strong>charta</strong></span> <span class='ocrx_word' id='word_1_110' title='bbox 473 2059 579 2122; x_wconf 90' lang='lat' dir='ltr'><strong>nostra</strong></span> <span class='ocrx_word' id='word_1_111' title='bbox 601 2077 661 2122; x_wconf 91' lang='lat' dir='ltr'><strong>uon</strong></span> <span class='ocrx_word' id='word_1_112' title='bbox 681 2059 956 2124; x_wconf 87' lang='lat' dir='ltr'><strong>commemoratum</strong></span> <span class='ocrx_word' id='word_1_113' title='bbox 987 2058 1173 2137; x_wconf 81' lang='lat' dir='ltr'><strong>invenimus,</strong></span> <span class='ocrx_word' id='word_1_114' title='bbox 1196 2075 1294 2140; x_wconf 90' lang='lat' dir='ltr'><strong>neque</strong></span> <span class='ocrx_word' id='word_1_115' title='bbox 1324 2057 1391 2122; x_wconf 90' lang='lat' dir='ltr'><strong>fieri</strong></span> <span class='ocrx_word' id='word_1_116' title='bbox 1412 2075 1469 2141; x_wconf 92' lang='lat' dir='ltr'><strong>po-</strong></span> 
     </span>
     <span class='ocr_line' id='line_1_16' title="bbox 344 2160 1468 2244; baseline 0.002 -20"><span class='ocrx_word' id='word_1_117' title='bbox 344 2162 417 2238; x_wconf 87' lang='lat' dir='ltr'><strong>test,</strong></span> <span class='ocrx_word' id='word_1_118' title='bbox 448 2160 484 2224; x_wconf 91' lang='lat' dir='ltr'><strong>ut</strong></span> <span class='ocrx_word' id='word_1_119' title='bbox 505 2161 537 2224; x_wconf 94' lang='lat' dir='ltr'><strong>in</strong></span> <span class='ocrx_word' id='word_1_120' title='bbox 560 2161 700 2243; x_wconf 90' lang='lat' dir='ltr'><strong>partibus</strong></span> <span class='ocrx_word' id='word_1_121' title='bbox 724 2160 894 2244; x_wconf 87' lang='lat' dir='ltr'><strong>deperditis</strong></span> <span class='ocrx_word' id='word_1_122' title='bbox 930 2163 1091 2240; x_wconf 80' lang='lat' dir='ltr'><strong>exstilerit,</strong></span> <span class='ocrx_word' id='word_1_123' title='bbox 1117 2163 1189 2244; x_wconf 91' lang='grc'><strong>3313</strong></span> <span class='ocrx_word' id='word_1_124' title='bbox 1210 2162 1337 2227; x_wconf 90' lang='lat' dir='ltr'><strong>lacunas</strong></span> <span class='ocrx_word' id='word_1_125' title='bbox 1360 2161 1468 2244; x_wconf 78' lang='grc'><strong>333113,</strong></span> 
     </span>
     <span class='ocr_line' id='line_1_17' title="bbox 343 2263 1467 2350; baseline 0 -22"><span class='ocrx_word' id='word_1_126' title='bbox 343 2263 425 2346; x_wconf 87' lang='lat' dir='ltr'><strong>quod</strong></span> <span class='ocrx_word' id='word_1_127' title='bbox 461 2263 499 2329; x_wconf 89' lang='lat' dir='ltr'><strong>ad</strong></span> <span class='ocrx_word' id='word_1_128' title='bbox 532 2267 749 2350; x_wconf 83' lang='lat' dir='ltr'><strong>argumentum</strong></span> <span class='ocrx_word' id='word_1_129' title='bbox 781 2266 911 2345; x_wconf 81' lang='lat' dir='ltr'><strong>attinet,</strong></span> <span class='ocrx_word' id='word_1_130' title='bbox 958 2285 1057 2348; x_wconf 90' lang='lat' dir='ltr'><strong>paene</strong></span> <span class='ocrx_word' id='word_1_131' title='bbox 1093 2284 1191 2348; x_wconf 89' lang='lat' dir='ltr'><strong>usque</strong></span> <span class='ocrx_word' id='word_1_132' title='bbox 1228 2265 1266 2329; x_wconf 91' lang='lat' dir='ltr'><strong>ad</strong></span> <span class='ocrx_word' id='word_1_133' title='bbox 1298 2267 1467 2330; x_wconf 84' lang='lat' dir='ltr'><strong>extremam</strong></span> 
     </span>
     <span class='ocr_line' id='line_1_18' title="bbox 344 2367 1467 2452; baseline -0.002 -20"><span class='ocrx_word' id='word_1_134' title='bbox 344 2367 459 2433; x_wconf 92' lang='lat' dir='ltr'><strong>lineam</strong></span> <span class='ocrx_word' id='word_1_135' title='bbox 475 2369 595 2451; x_wconf 83' lang='lat' dir='ltr'><strong>explere</strong></span> <span class='ocrx_word' id='word_1_136' title='bbox 611 2389 786 2452; x_wconf 90' lang='lat' dir='ltr'><strong>possumus.</strong></span> <span class='ocrx_word' id='word_1_137' title='bbox 824 2371 1111 2452; x_wconf 86' lang='lat' dir='ltr'><strong>Harpocrationem,</strong></span> <span class='ocrx_word' id='word_1_138' title='bbox 1133 2371 1186 2451; x_wconf 92' lang='lat' dir='ltr'><strong>qui</strong></span> <span class='ocrx_word' id='word_1_139' title='bbox 1201 2370 1270 2434; x_wconf 92' lang='lat' dir='ltr'><strong>aliis</strong></span> <span class='ocrx_word' id='word_1_140' title='bbox 1293 2369 1369 2434; x_wconf 88' lang='lat' dir='ltr'><strong>locis</strong></span> <span class='ocrx_word' id='word_1_141' title='bbox 1392 2369 1467 2433; x_wconf 88' lang='lat' dir='ltr'><strong>satis</strong></span> 
     </span>
     <span class='ocr_line' id='line_1_19' title="bbox 344 2471 1468 2555; baseline -0.001 -20"><span class='ocrx_word' id='word_1_142' title='bbox 344 2471 434 2535; x_wconf 87' lang='grc'><strong>33313</strong></span> <span class='ocrx_word' id='word_1_143' title='bbox 449 2471 629 2537; x_wconf 85' lang='lat' dir='ltr'><strong>Aristotelis</strong></span> <span class='ocrx_word' id='word_1_144' title='bbox 645 2473 739 2538; x_wconf 83' lang='lat' dir='ltr'><strong>uerba</strong></span> <span class='ocrx_word' id='word_1_145' title='bbox 760 2473 909 2538; x_wconf 84' lang='lat' dir='ltr'><strong>tractavit</strong></span> <span class='ocrx_word' id='word_1_146' title='bbox 925 2491 1022 2555; x_wconf 89' lang='lat' dir='ltr'><strong>neque</strong></span> <span class='ocrx_word' id='word_1_147' title='bbox 1044 2491 1191 2554; x_wconf 90' lang='lat' dir='ltr'><strong>umquam</strong></span> <span class='ocrx_word' id='word_1_148' title='bbox 1214 2471 1283 2536; x_wconf 85' lang='lat' dir='ltr'><strong>falsi</strong></span> <span class='ocrx_word' id='word_1_149' title='bbox 1300 2471 1468 2552; x_wconf 89' lang='lat' dir='ltr'><strong>quidquam</strong></span> 
     </span>
     <span class='ocr_line' id='line_1_20' title="bbox 342 2571 1469 2656; baseline -0.001 -21"><span class='ocrx_word' id='word_1_150' title='bbox 342 2571 420 2636; x_wconf 85' lang='lat' dir='ltr'><strong>sonti</strong></span> <span class='ocrx_word' id='word_1_151' title='bbox 452 2591 506 2638; x_wconf 93' lang='grc'><strong>333</strong></span> <span class='ocrx_word' id='word_1_152' title='bbox 533 2575 717 2656; x_wconf 87' lang='lat' dir='ltr'><strong>imposuisse</strong></span> <span class='ocrx_word' id='word_1_153' title='bbox 739 2574 870 2650; x_wconf 88' lang='lat' dir='ltr'><strong>videtur,</strong></span> <span class='ocrx_word' id='word_1_154' title='bbox 903 2574 961 2639; x_wconf 91' lang='lat' dir='ltr'><strong>hoc</strong></span> <span class='ocrx_word' id='word_1_155' title='bbox 990 2574 1057 2638; x_wconf 90' lang='lat' dir='ltr'><strong>loco</strong></span> <span class='ocrx_word' id='word_1_156' title='bbox 1088 2573 1203 2638; x_wconf 83' lang='lat' dir='ltr'><strong>famam</strong></span> <span class='ocrx_word' id='word_1_157' title='bbox 1236 2591 1323 2638; x_wconf 93' lang='lat' dir='ltr'><strong>suam</strong></span> <span class='ocrx_word' id='word_1_158' title='bbox 1354 2572 1469 2636; x_wconf 89' lang='lat' dir='ltr'><strong>bonam</strong></span> 
     </span>
     <span class='ocr_line' id='line_1_21' title="bbox 346 2673 1469 2760; baseline 0 -22"><span class='ocrx_word' id='word_1_159' title='bbox 346 2674 485 2740; x_wconf 86' lang='lat' dir='ltr'><strong>amisisse</strong></span> <span class='ocrx_word' id='word_1_160' title='bbox 518 2676 568 2740; x_wconf 85' lang='lat' dir='ltr'><strong>vix</strong></span> <span class='ocrx_word' id='word_1_161' title='bbox 599 2677 774 2742; x_wconf 88' lang='lat' dir='ltr'><strong>concedam.</strong></span> <span class='ocrx_word' id='word_1_162' title='bbox 831 2676 940 2760; x_wconf 89' lang='grc'><strong>113333</strong></span> <span class='ocrx_word' id='word_1_163' title='bbox 977 2677 1039 2743; x_wconf 90' lang='grc'><strong>3113</strong></span> <span class='ocrx_word' id='word_1_164' title='bbox 1065 2678 1116 2743; x_wconf 86' lang='grc'><strong>313</strong></span> <span class='ocrx_word' id='word_1_165' title='bbox 1145 2677 1225 2742; x_wconf 89' lang='lat' dir='ltr'><strong>hano</strong></span> <span class='ocrx_word' id='word_1_166' title='bbox 1256 2673 1469 2758; x_wconf 90' lang='lat' dir='ltr'><strong>quaestionem</strong></span> 
     </span>
     <span class='ocr_line' id='line_1_22' title="bbox 348 2775 1467 2862; baseline 0 -20"><span class='ocrx_word' id='word_1_167' title='bbox 348 2777 479 2843; x_wconf 88' lang='lat' dir='ltr'><strong>enodare</strong></span> <span class='ocrx_word' id='word_1_168' title='bbox 502 2778 617 2844; x_wconf 90' lang='lat' dir='ltr'><strong>studui.</strong></span> <span class='ocrx_word' id='word_1_169' title='bbox 671 2779 763 2862; x_wconf 88' lang='lat' dir='ltr'><strong>Apud</strong></span> <span class='ocrx_word' id='word_1_170' title='bbox 788 2780 877 2845; x_wconf 90' lang='lat' dir='ltr'><strong>Dem.</strong></span> <span class='ocrx_word' id='word_1_171' title='bbox 904 2779 955 2844; x_wconf 91' lang='grc'><strong>22.</strong></span> <span class='ocrx_word' id='word_1_172' title='bbox 979 2779 1021 2844; x_wconf 85' lang='grc'><strong>38</strong></span> <span class='ocrx_word' id='word_1_173' title='bbox 1053 2781 1085 2845; x_wconf 89' lang='grc'><strong>31</strong></span> <span class='ocrx_word' id='word_1_174' title='bbox 1115 2780 1227 2845; x_wconf 85' lang='lat' dir='ltr'><strong>Aesob.</strong></span> <span class='ocrx_word' id='word_1_175' title='bbox 1261 2778 1291 2842; x_wconf 85' lang='lat'><strong>3.</strong></span> <span class='ocrx_word' id='word_1_176' title='bbox 1314 2775 1467 2844; x_wconf 78' lang='grc'><strong>2533113</strong></span> 
     </span>
     <span class='ocr_line' id='line_1_23' title="bbox 343 2882 1466 2968; baseline 0.001 -23"><span class='ocrx_word' id='word_1_177' title='bbox 343 2883 475 2947; x_wconf 83' lang='lat' dir='ltr'><strong>occurrit</strong></span> <span class='ocrx_word' id='word_1_178' title='bbox 498 2882 714 2968; x_wconf 74' lang='grc' dir='ltr'>ἀντιγραφεὺς,</span> <span class='ocrx_word' id='word_1_179' title='bbox 740 2903 830 2966; x_wconf 89' lang='lat' dir='ltr'><strong>qnam</strong></span> <span class='ocrx_word' id='word_1_180' title='bbox 854 2884 1024 2949; x_wconf 81' lang='lat' dir='ltr'><strong>Aeschines</strong></span> <span class='ocrx_word' id='word_1_181' title='bbox 1047 2885 1139 2949; x_wconf 87' lang='lat' dir='ltr'><strong>antea</strong></span> <span class='ocrx_word' id='word_1_182' title='bbox 1161 2883 1307 2967; x_wconf 84' lang='lat' dir='ltr'><strong>suffragio</strong></span> <span class='ocrx_word' id='word_1_183' title='bbox 1330 2884 1466 2947; x_wconf 90' lang='lat' dir='ltr'><strong>creatum</strong></span> 
     </span>
     <span class='ocr_line' id='line_1_24' title="bbox 343 2984 1467 3073; baseline 0 -26"><span class='ocrx_word' id='word_1_184' title='bbox 343 3002 410 3048; x_wconf 90' lang='lat' dir='ltr'><strong>esse</strong></span> <span class='ocrx_word' id='word_1_185' title='bbox 434 2984 518 3050; x_wconf 90' lang='lat' dir='ltr'><strong>dicit.</strong></span> <span class='ocrx_word' id='word_1_186' title='bbox 564 2986 680 3050; x_wconf 79' lang='lat' dir='ltr'><strong>Eadem</strong></span> <span class='ocrx_word' id='word_1_187' title='bbox 704 2987 889 3053; x_wconf 89' lang='lat' dir='ltr'><strong>Aristoteles</strong></span> <span class='ocrx_word' id='word_1_188' title='bbox 913 2988 950 3052; x_wconf 92' lang='lat' dir='ltr'><strong>de</strong></span> <span class='ocrx_word' id='word_1_189' title='bbox 971 2996 1150 3073; x_wconf 83' lang='grc' dir='ltr'>γραμματεῖ</span> <span class='ocrx_word' id='word_1_190' title='bbox 1172 2988 1258 3050; x_wconf 80' lang='grc' dir='ltr'>κατὰ</span> <span class='ocrx_word' id='word_1_191' title='bbox 1280 2985 1467 3070; x_wconf 79' lang='grc' dir='ltr'>πρυτανείαν</span> 
     </span>
     <span class='ocr_line' id='line_1_25' title="bbox 342 3086 1468 3176; baseline 0.004 -27"><span class='ocrx_word' id='word_1_192' title='bbox 342 3087 475 3170; x_wconf 85' lang='lat' dir='ltr'><strong>profert:</strong></span> <span class='ocrx_word' id='word_1_193' title='bbox 499 3086 648 3172; x_wconf 80' lang='grc' dir='ltr'>πρότερον</span> <span class='ocrx_word' id='word_1_194' title='bbox 672 3090 729 3173; x_wconf 83' lang='grc' dir='ltr'><strong>μὲν</strong></span> <span class='ocrx_word' id='word_1_195' title='bbox 751 3091 804 3154; x_wconf 76' lang='grc' dir='ltr'><strong>οὖν</strong></span> <span class='ocrx_word' id='word_1_196' title='bbox 826 3093 916 3166; x_wconf 83' lang='grc' dir='ltr'>οὗτος</span> <span class='ocrx_word' id='word_1_197' title='bbox 943 3091 983 3174; x_wconf 73' lang='grc' dir='ltr'><strong>ἠν</strong></span> <span class='ocrx_word' id='word_1_198' title='bbox 1005 3089 1234 3176; x_wconf 76' lang='grc' dir='ltr'>χειροτονητὸς.</span> <span class='ocrx_word' id='word_1_199' title='bbox 1281 3089 1356 3154; x_wconf 88' lang='lat' dir='ltr'><strong>ludo</strong></span> <span class='ocrx_word' id='word_1_200' title='bbox 1378 3087 1468 3154; x_wconf 88' lang='lat' dir='ltr'><strong>facile</strong></span> 
     </span>
     <span class='ocr_line' id='line_1_26' title="bbox 342 3190 1467 3277; baseline 0.001 -23"><span class='ocrx_word' id='word_1_201' title='bbox 342 3190 380 3269; x_wconf 92' lang='lat' dir='ltr'><strong>is,</strong></span> <span class='ocrx_word' id='word_1_202' title='bbox 411 3191 464 3272; x_wconf 91' lang='lat' dir='ltr'><strong>qui</strong></span> <span class='ocrx_word' id='word_1_203' title='bbox 496 3191 685 3257; x_wconf 90' lang='lat' dir='ltr'><strong>orationibus</strong></span> <span class='ocrx_word' id='word_1_204' title='bbox 715 3193 779 3258; x_wconf 90' lang='lat' dir='ltr'><strong>illis</strong></span> <span class='ocrx_word' id='word_1_205' title='bbox 812 3193 1054 3276; x_wconf 87' lang='lat' dir='ltr'><strong>interpretandis</strong></span> <span class='ocrx_word' id='word_1_206' title='bbox 1077 3213 1200 3277; x_wconf 90' lang='lat' dir='ltr'><strong>operam</strong></span> <span class='ocrx_word' id='word_1_207' title='bbox 1224 3193 1318 3272; x_wconf 83' lang='lat' dir='ltr'><strong>dedit,</strong></span> <span class='ocrx_word' id='word_1_208' title='bbox 1345 3209 1467 3256; x_wconf 87' lang='lat' dir='ltr'><strong>sumere</strong></span> 
     </span>
     <span class='ocr_line' id='line_1_27' title="bbox 343 3295 1464 3382; baseline 0 -23"><span class='ocrx_word' id='word_1_209' title='bbox 343 3295 446 3376; x_wconf 90' lang='lat' dir='ltr'><strong>potuit</strong></span> <span class='ocrx_word' id='word_1_210' title='bbox 467 3295 599 3360; x_wconf 83' lang='lat' dir='ltr'><strong>scribam</strong></span> <span class='ocrx_word' id='word_1_211' title='bbox 623 3296 801 3362; x_wconf 89' lang='lat' dir='ltr'><strong>Aristotelis</strong></span> <span class='ocrx_word' id='word_1_212' title='bbox 825 3299 957 3362; x_wconf 91' lang='lat' dir='ltr'><strong>eundem</strong></span> <span class='ocrx_word' id='word_1_213' title='bbox 981 3316 1047 3363; x_wconf 91' lang='grc'><strong>3333</strong></span> <span class='ocrx_word' id='word_1_214' title='bbox 1070 3299 1162 3380; x_wconf 89' lang='grc'><strong>31333</strong></span> <span class='ocrx_word' id='word_1_215' title='bbox 1185 3295 1376 3382; x_wconf 82' lang='grc' dir='ltr'>ἀντιγραρὲοι</span> <span class='ocrx_word' id='word_1_216' title='bbox 1399 3315 1464 3361; x_wconf 85' lang='lat' dir='ltr'><strong>ora·</strong></span> 
     </span>
     <span class='ocr_line' id='line_1_28' title="bbox 342 3397 1465 3482; baseline 0 -21"><span class='ocrx_word' id='word_1_217' title='bbox 342 3397 454 3476; x_wconf 89' lang='lat' dir='ltr'><strong>torum,</strong></span> <span class='ocrx_word' id='word_1_218' title='bbox 486 3399 667 3480; x_wconf 84' lang='lat' dir='ltr'><strong>praesertim</strong></span> <span class='ocrx_word' id='word_1_219' title='bbox 690 3417 760 3465; x_wconf 88' lang='lat' dir='ltr'><strong>oum</strong></span> <span class='ocrx_word' id='word_1_220' title='bbox 784 3401 969 3467; x_wconf 89' lang='lat' dir='ltr'><strong>Aristoteles</strong></span> <span class='ocrx_word' id='word_1_221' title='bbox 992 3402 1024 3466; x_wconf 92' lang='lat' dir='ltr'><strong>in</strong></span> <span class='ocrx_word' id='word_1_222' title='bbox 1047 3400 1156 3466; x_wconf 85' lang='lat' dir='ltr'><strong>officiis</strong></span> <span class='ocrx_word' id='word_1_223' title='bbox 1187 3409 1242 3464; x_wconf 86' lang='grc' dir='ltr'>τοῦ</span> <span class='ocrx_word' id='word_1_224' title='bbox 1274 3401 1359 3464; x_wconf 80' lang='grc' dir='ltr'>κατὰ</span> <span class='ocrx_word' id='word_1_225' title='bbox 1390 3420 1465 3482; x_wconf 87' lang='grc' dir='ltr'>πρυ-</span> 
     </span>
     <span class='ocr_line' id='line_1_29' title="bbox 343 3498 1466 3587; baseline 0 -24"><span class='ocrx_word' id='word_1_226' title='bbox 343 3498 467 3564; x_wconf 78' lang='grc' dir='ltr'>τανείαν</span> <span class='ocrx_word' id='word_1_227' title='bbox 499 3500 706 3567; x_wconf 87' lang='lat' dir='ltr'><strong>describendis</strong></span> <span class='ocrx_word' id='word_1_228' title='bbox 738 3504 863 3568; x_wconf 88' lang='lat' dir='ltr'><strong>vocibus</strong></span> <span class='ocrx_word' id='word_1_229' title='bbox 896 3502 1117 3587; x_wconf 81' lang='grc' dir='ltr'>ἀντιγράρεται</span> <span class='ocrx_word' id='word_1_230' title='bbox 1149 3504 1204 3565; x_wconf 83' lang='grc' dir='ltr'><strong>καὶ</strong></span> <span class='ocrx_word' id='word_1_231' title='bbox 1235 3501 1466 3587; x_wconf 71' lang='grc' dir='ltr'>παρακάθηται</span> 
     </span>
    </p>
   </div>
   <div class='ocr_carea' id='block_1_4' title="bbox 342 3603 1466 3896">
    <p class='ocr_par' dir='ltr' id='par_1_5' title="bbox 342 3603 1466 3896">
     <span class='ocr_line' id='line_1_30' title="bbox 343 3603 1466 3692; baseline 0.001 -25"><span class='ocrx_word' id='word_1_232' title='bbox 343 3613 382 3688; x_wconf 71' lang='grc' dir='ltr'>τῇ</span> <span class='ocrx_word' id='word_1_233' title='bbox 407 3603 504 3690; x_wconf 64' lang='grc' dir='ltr'>βουλῇ</span> <span class='ocrx_word' id='word_1_234' title='bbox 529 3607 644 3671; x_wconf 85' lang='grc'><strong>313133.</strong></span> <span class='ocrx_word' id='word_1_235' title='bbox 689 3607 781 3672; x_wconf 87' lang='grc' dir='ltr'><strong>Η333</strong></span> <span class='ocrx_word' id='word_1_236' title='bbox 803 3608 1022 3692; x_wconf 83' lang='lat' dir='ltr'><strong>magistratum</strong></span> <span class='ocrx_word' id='word_1_237' title='bbox 1046 3626 1064 3672; x_wconf 92' lang='lat' dir='ltr'><strong>a</strong></span> <span class='ocrx_word' id='word_1_238' title='bbox 1085 3607 1150 3672; x_wconf 86' lang='lat' dir='ltr'><strong>viro</strong></span> <span class='ocrx_word' id='word_1_239' title='bbox 1173 3605 1261 3672; x_wconf 90' lang='lat' dir='ltr'><strong>docto</strong></span> <span class='ocrx_word' id='word_1_240' title='bbox 1286 3603 1466 3670; x_wconf 83' lang='lat' dir='ltr'><strong>Alexandri-</strong></span> 
     </span>
     <span class='ocr_line' id='line_1_31' title="bbox 342 3709 1465 3792; baseline 0.002 -22"><span class='ocrx_word' id='word_1_241' title='bbox 342 3726 449 3772; x_wconf 91' lang='lat' dir='ltr'><strong>norum</strong></span> <span class='ocrx_word' id='word_1_242' title='bbox 485 3710 595 3774; x_wconf 90' lang='lat' dir='ltr'><strong>aetatis</strong></span> <span class='ocrx_word' id='word_1_243' title='bbox 627 3728 643 3774; x_wconf 92' lang='grc'><strong>3</strong></span> <span class='ocrx_word' id='word_1_244' title='bbox 674 3709 775 3776; x_wconf 91' lang='lat' dir='ltr'><strong>vorbis</strong></span> <span class='ocrx_word' id='word_1_245' title='bbox 798 3709 977 3775; x_wconf 88' lang='lat' dir='ltr'><strong>Aristotelis</strong></span> <span class='ocrx_word' id='word_1_246' title='bbox 1009 3728 1080 3774; x_wconf 90' lang='lat' dir='ltr'><strong>oum</strong></span> <span class='ocrx_word' id='word_1_247' title='bbox 1103 3709 1255 3776; x_wconf 89' lang='lat' dir='ltr'><strong>Aeschine</strong></span> <span class='ocrx_word' id='word_1_248' title='bbox 1282 3709 1465 3792; x_wconf 89' lang='lat' dir='ltr'><strong>comparatis</strong></span> 
     </span>
     <span class='ocr_line' id='line_1_32' title="bbox 342 3807 1465 3896; baseline 0.004 -24"><span class='ocrx_word' id='word_1_249' title='bbox 342 3807 450 3874; x_wconf 87' lang='lat' dir='ltr'><strong>fiotum</strong></span> <span class='ocrx_word' id='word_1_250' title='bbox 481 3811 706 3893; x_wconf 83' lang='lat' dir='ltr'><strong>Harpocration</strong></span> <span class='ocrx_word' id='word_1_251' title='bbox 738 3811 831 3894; x_wconf 91' lang='lat' dir='ltr'><strong>(unde</strong></span> <span class='ocrx_word' id='word_1_252' title='bbox 864 3812 948 3879; x_wconf 80' lang='lat' dir='ltr'><strong>Suid.</strong></span> <span class='ocrx_word' id='word_1_253' title='bbox 982 3832 1006 3878; x_wconf 93' lang='lat' dir='ltr'><strong>s.</strong></span> <span class='ocrx_word' id='word_1_254' title='bbox 1030 3832 1058 3878; x_wconf 93' lang='grc' dir='ltr'><strong>ν.</strong></span> <span class='ocrx_word' id='word_1_255' title='bbox 1084 3841 1122 3869; x_wconf 88' lang='lat'>=</span> <span class='ocrx_word' id='word_1_256' title='bbox 1155 3811 1465 3896; x_wconf 83' lang='grc' dir='ltr'><strong>2333τ.ρ.176--·</strong></span> 
     </span>
    </p>
   </div>
   <div class='ocr_carea' id='block_1_5' title="bbox 340 4135 1466 4373">
    <p class='ocr_par' dir='ltr' id='par_1_6' title="bbox 340 4135 1466 4373">
     <span class='ocr_line' id='line_1_33' title="bbox 447 4135 1466 4206; baseline 0.007 -19"><span class='ocrx_word' id='word_1_257' title='bbox 447 4137 473 4202; x_wconf 89' lang='grc'><strong>1)</strong></span> <span class='ocrx_word' id='word_1_258' title='bbox 492 4135 694 4199; x_wconf 82' lang='lat' dir='ltr'><strong>Quaestionem</strong></span> <span class='ocrx_word' id='word_1_259' title='bbox 714 4136 907 4191; x_wconf 79' lang='lat' dir='ltr'><strong>difficillimam</strong></span> <span class='ocrx_word' id='word_1_260' title='bbox 926 4138 1097 4202; x_wconf 75' lang='grc'><strong>3133311333,</strong></span> <span class='ocrx_word' id='word_1_261' title='bbox 1126 4153 1198 4206; x_wconf 86' lang='grc'><strong>3333</strong></span> <span class='ocrx_word' id='word_1_262' title='bbox 1216 4140 1373 4195; x_wconf 89' lang='lat' dir='ltr'><strong>intercedat</strong></span> <span class='ocrx_word' id='word_1_263' title='bbox 1391 4143 1466 4196; x_wconf 90' lang='lat' dir='ltr'><strong>inter</strong></span> 
     </span>
     <span class='ocr_line' id='line_1_34' title="bbox 342 4220 1466 4292; baseline 0.006 -19"><span class='ocrx_word' id='word_1_264' title='bbox 342 4220 451 4274; x_wconf 87' lang='lat' dir='ltr'><strong>scribas</strong></span> <span class='ocrx_word' id='word_1_265' title='bbox 479 4236 495 4275; x_wconf 91' lang='lat' dir='ltr'><strong>a</strong></span> <span class='ocrx_word' id='word_1_266' title='bbox 523 4221 708 4288; x_wconf 87' lang='lat' dir='ltr'><strong>scriptoribus</strong></span> <span class='ocrx_word' id='word_1_267' title='bbox 735 4237 842 4290; x_wconf 88' lang='lat' dir='ltr'><strong>eosque</strong></span> <span class='ocrx_word' id='word_1_268' title='bbox 868 4225 898 4277; x_wconf 92' lang='lat' dir='ltr'><strong>in</strong></span> <span class='ocrx_word' id='word_1_269' title='bbox 916 4224 1148 4292; x_wconf 88' lang='lat' dir='ltr'><strong>inscriptionibus</strong></span> <span class='ocrx_word' id='word_1_270' title='bbox 1166 4227 1401 4282; x_wconf 87' lang='lat' dir='ltr'><strong>commemoratos</strong></span> <span class='ocrx_word' id='word_1_271' title='bbox 1419 4228 1466 4282; x_wconf 90' lang='lat' dir='ltr'><strong>bic</strong></span> 
     </span>
     <span class='ocr_line' id='line_1_35' title="bbox 340 4308 538 4373; baseline 0 -13"><span class='ocrx_word' id='word_1_272' title='bbox 340 4319 398 4360; x_wconf 89' lang='lat' dir='ltr'><strong>nou</strong></span> <span class='ocrx_word' id='word_1_273' title='bbox 414 4308 538 4373; x_wconf 82' lang='lat' dir='ltr'><strong>tangam.</strong></span> 
     </span>
    </p>
   </div>
   <div class='ocr_carea' id='block_1_6' title="bbox 444 4410 757 4480">
    <p class='ocr_par' dir='ltr' id='par_1_7' title="bbox 444 4410 757 4480">
     <span class='ocr_line' id='line_1_36' title="bbox 444 4410 757 4480; baseline 0.006 -17"><span class='ocrx_word' id='word_1_274' title='bbox 444 4412 471 4476; x_wconf 90' lang='grc'><strong>2)</strong></span> <span class='ocrx_word' id='word_1_275' title='bbox 490 4425 511 4464; x_wconf 81' lang='lat' dir='ltr'><strong>S.</strong></span> <span class='ocrx_word' id='word_1_276' title='bbox 530 4424 557 4465; x_wconf 85' lang='lat' dir='ltr'><strong>V.</strong></span> <span class='ocrx_word' id='word_1_277' title='bbox 575 4410 757 4480; x_wconf 67' lang='grc' dir='ltr'>ἀντιγραφεύς.</span> 
     </span>
    </p>
   </div>
   <div class='ocr_carea' id='block_1_7' title="bbox 0 0 1708 5276">
    <p class='ocr_par' dir='ltr' id='par_1_8' title="bbox 0 0 1708 5276">
     <span class='ocr_line' id='line_1_37' title="bbox 0 0 1708 5276; baseline 0 0"><span class='ocrx_word' id='word_1_278' title='bbox 0 0 1708 5276; x_wconf 95' lang='lat' dir='ltr'><strong> </strong></span> 
     </span>
    </p>
   </div>
  </div>
 </body>
</html>
