3408 5276
870 502 912 564 56

334 710 514 794 Harpocrat.
538 727 563 772 a.
586 727 615 772 v.
638 709 771 794 ἔμμηνοι
794 706 891 789 δίκαι,
926 707 980 771 ubi
1011 705 1152 790 ἐρονικοιί
1184 707 1215 771 et
1238 705 1404 792 ἐμπορικαί
1427 711 1460 774 ei

330 813 435 894 generi
458 831 619 878 causarum
642 811 893 889 adnumerantur,
929 813 960 876 et
982 811 1040 874 Iex.
1064 811 1135 894 Seg.
1159 811 1197 874 V.
1222 810 1295 876 237.
1317 812 1370 891 33,
1403 814 1458 878 ubi

161 887 163 896 ¹
194 980 197 990 ,
330 917 487 1003 ἐμπομική
511 919 647 1003 ἔμμηνος
670 915 857 980 nommetur.
891 915 998 997 Neque
1014 915 1121 980 mirari
1143 915 1226 995 lieet,
1250 918 1332 998 quod
1347 917 1458 984 Pollux

330 1019 381 1086 hio
412 1021 581 1104 ἐμπορικὰς
612 1018 702 1093 δίκας
733 1019 791 1083 sub
819 1017 871 1100 jus
899 1017 1093 1101 οὓςοιγωγέων
1116 1017 1301 1100 subjungere
1324 1020 1455 1094 videtur,

326 1141 402 1188 oum
435 1129 452 1200 ἓ
484 1123 526 1186 88
559 1121 683 1186 easdem
715 1121 934 1186 thesmuthetis
966 1121 1153 1186 attribuerit.
1207 1121 1327 1204 Nempe
1365 1124 1457 1188 verba

333 1225 472 1290 Pollucis
495 1225 539 1288 sio
561 1222 770 1308 intellegenda
794 1223 876 1302 sunt,
903 1227 939 1288 ut
961 1223 1059 1288 altera
1082 1223 1234 1290 enuntiati
1256 1225 1348 1288 huius
1370 1227 1456 1308 parto

335 1347 444 1394 oausas
475 1327 633 1413 ἐμμήνους
663 1332 835 1403 enumeret,
871 1327 922 1392 oui
943 1327 1008 1390 foro
1031 1325 1212 1410 subjunotae
1238 1328 1310 1404 siut,
1341 1346 1457 1410 nequa-

332 1451 425 1515 quam
448 1433 543 1496 ouret.
589 1429 677 1509 Quod
699 1430 804 1494 autem
827 1429 972 1512 πάρεδροι
993 1429 1011 1512 ξ
1032 1427 1074 1492 92
1097 1449 1133 1494 ex
1149 1430 1318 1496 Aristotele
1341 1433 1459 1514 sumpti

335 1537 416 1614 sunt,
440 1535 458 1618 ξ
483 1532 541 1597 101
555 1533 580 1617 ¹)
603 1533 782 1598 ArIstoteIis
810 1533 977 1598 auotoritas
1000 1531 1197 1611 desideratur,
1232 1533 1304 1598 inde
1335 1535 1456 1598 eonelu·

338 1639 408 1706 dere
431 1657 491 1702 nou
515 1655 690 1718 possumus,
713 1636 898 1718 ubteumqne
913 1635 1026 1700 Pollux
1048 1635 1086 1700 de
1108 1635 1215 1700 eadem
1237 1655 1270 1700 re
1285 1636 1333 1701 bis
1349 1637 1455 1720 egerit,

335 1743 436 1808 varios
467 1741 568 1806 fontes
599 1739 825 1820 intellegendos
858 1758 934 1804 esse.
980 1738 1085 1822 §100
1111 1739 1193 1804 enim
1216 1741 1455 1824 euthynos'oum

335 1843 473 1926 paredris
507 1843 669 1924 adaequat,
700 1842 773 1923 quia
798 1841 977 1906 Aristotelis
1009 1860 1076 1923 cap.
1099 1841 1152 1906 48.
1175 1847 1196 1904 4
1219 1843 1250 1908 et
1271 1843 1321 1906 56.
1350 1844 1364 1905 I
1390 1863 1457 1923 per·-

334 1947 509 2014 versissIme
540 1945 760 2026 interpretatus
789 1963 848 2010 non
872 1945 1032 2010 arohontes
1056 1945 1266 2028 euthynosque
1290 1946 1350 2010 sibi
1371 1947 1456 2010 binos

334 2049 481 2130 paredros
504 2054 673 2130 omptume,
706 2048 760 2112 sad
787 2047 938 2131 euthynos
969 2050 1051 2114 sieut
1081 2049 1227 2130 paredros
1253 2050 1456 2142 ,arohontibus

333 2152 446 2218 auxilio
470 2151 591 2218 additos
614 2157 680 2216 esse'
703 2152 889 2216 stultissime
905 2151 1044 2216 eredidit.
1080 2151 1323 2232 wiremowuuu
1347 2155 1458 2220 menda

333 2256 468 2320 librariis
491 2275 584 2338 quam
607 2256 726 2320 auotori
748 2257 808 2338 tpsi
827 2256 961 2320 tribuere
977 2256 1104 2320 mavult.
1145 2255 1234 2335 Quod
1255 2275 1325 2322 oum
1343 2255 1457 2335 nune²I

336 2358 580 2424 demonstratum
604 2360 645 2424 sit
666 2360 827 2424 Pollucem
850 2359 976 2441 plenum
1000 2360 1170 2424 desiderari
1192 2379 1291 2440 neque
1313 2379 1460 2441 umquam

332 2464 488 2545 integrum
511 2464 634 2527 restitui
657 2482 755 2544 posse,
788 2463 879 2528 Iaoile
902 2463 1054 2539 contendi,
1088 2463 1214 2527 difficile
1237 2463 1381 2544 redargui
1405 2483 1459 2544 po-

333 2566 405 2629 test.
450 2564 603 2644 Equidem
635 2565 730 2629 libros
763 2566 883 2628 nostros
915 2565 1074 2644 tantopere
1105 2584 1123 2628 a
1156 2583 1226 2628 vero
1250 2563 1378 2628 Polluoe
1405 2569 1460 2626 ab·

332 2669 453 2732 horrere
484 2667 535 2731 vix
565 2667 695 2732 credam.
753 2669 796 2730 At
819 2668 926 2732 fortior
958 2686 1069 2750 negare
1092 2666 1189 2732 audeo
1212 2667 1307 2732 sohel.
1331 2666 1455 2732 Platon.

332 2771 414 2854 legg.
436 2769 550 2834 954ss
584 2770 724 2848 (Ddbuer
746 2770 787 2835 ΙΙ.
811 2791 840 2854 p.
869 2769 942 2834 483.
966 2772 1000 2854 6)
1032 2790 1047 2834 e
1079 2770 1214 2852 pleniore
1246 2771 1461 2852 lexicographo

331 2871 465 2936 fluxtsse.
519 2871 601 2936 Nam
638 2891 709 2938 oum
740 2873 858 2938 sohoIIa
887 2873 1099 2938 vetustissima
1130 2873 1196 2938 ood.
1221 2872 1377 2938 Clarkiaui
1403 2874 1455 2938 IX.

334 2973 448 3056 saeul)
480 2975 543 3056 iam
575 2993 634 3038 non
667 2977 792 3057 plenum
817 2975 976 3040 Pollucem
998 2975 1171 3055 habuerint,
1207 2996 1261 3058 per
1283 2997 1315 3041 se
1339 2977 1460 3041 eredere

334 3076 485 3154 vetamur,
509 3077 587 3140 alios
611 3075 800 3142 Scholiastas
826 3077 881 3142 illo
905 3080 953 3142 uti
975 3081 1122 3160 potuisse.
1169 3077 1248 3144 Tum
1273 3081 1389 3145 scholia
1412 3099 1461 3144 oo-

225 3161 228 3187 *
336 3180 439 3244 diuum
472 3178 658 3246 deteriorum
689 3181 860 3258 Pollucem,
893 3183 1079 3265 ubicumque
1110 3182 1261 3262 adimunt,
1293 3203 1461 3266 numquam

338 3283 526 3349 adverbum
549 3286 785 3367 exscripserunt,
810 3285 864 3350 sed
883 3285 923 3350 ad
945 3305 1035 3352 suum
1060 3287 1220 3352 arbitrium
1243 3287 1337 3351 verba
1358 3289 1460 3351 trans-

333 3389 501 3468 posuerunt
523 3389 555 3452 et
582 3390 833 3471 permutaverunt
859 3391 897 3454 of.
922 3390 1018 3454 sohoI.
1043 3390 1111 3454 Alo.
1135 3391 1149 3454 l
1175 3391 1236 3454 105
1259 3390 1288 3453 A
1321 3391 1461 3473 (Dibner

332 3489 400 3570 lp.
422 3490 494 3554 467.
522 3491 574 3570 16)
601 3520 638 3546 .-
663 3492 743 3558 PoII.
767 3495 854 3558 VIII.
880 3494 940 3559 105
962 3499 999 3572 )-
1026 3495 1097 3574 104,
1122 3495 1217 3558 sohol.
1240 3495 1323 3578 legg.
1347 3494 1410 3557 855
1437 3493 1460 3558 O

333 3591 473 3675 (Diibuer
495 3593 537 3659 ΙΙ.
560 3615 589 3676 μ.
614 3593 687 3662 420.
710 3595 766 3680 31)
784 3624 822 3652 =
839 3597 920 3662 Poll.
944 3597 1028 3686 VIII.
1052 3596 1094 3660 62
1120 3601 1157 3670 -I-
1181 3598 1233 3676 64,
1258 3598 1352 3663 sohel.
1375 3598 1457 3680 legg.

333 3789 421 3796 ——-
437 3791 589 3800 -μκ--φ-η-μ

437 3907 461 3962 1)
478 3902 545 3954 Vox
563 3901 697 3968 πάρεδρος
713 3902 809 3957 exstet
828 3903 857 3957 in
877 3904 936 3957 ood.
955 3903 1146 3959 Laurentiano
1166 3907 1199 3959 of.
1219 3905 1320 3969 Maesa,
1337 3907 1460 3960 Hermes

335 3985 396 4039 XV.
416 3987 490 4040 1880.
509 4002 535 4054 p.
554 3986 612 4040 619.

436 4071 464 4137 2)
483 4072 500 4124 I.
519 4072 536 4126 l.
557 4071 589 4124 II.
609 4087 633 4138 p.
654 4071 713 4125 241.
733 4087 796 4126 ann.
817 4073 850 4126 35

436 4158 464 4221 3)
486 4158 516 4212 Ε.
536 4159 633 4220 Bothe,
660 4159 762 4213 Naohr.
782 4160 807 4214 d.
826 4159 902 4214 eutr.
923 4160 987 4216 Ges.
1007 4162 1057 4216 der
1075 4163 1160 4216 Wiss
1184 4163 1249 4218 1895
1267 4179 1292 4230 p.
1314 4162 1459 4217 saa-348.

436 4245 464 4307 4)
484 4244 516 4296 of.
536 4243 624 4298 sohel.
643 4244 715 4299 PIet.
734 4245 891 4314 Euthyphr.
915 4247 931 4300 2
958 4247 982 4300 Α
1001 4247 1129 4308 (Diibner
1158 4249 1174 4300 I.
1195 4263 1220 4316 p.
1241 4251 1263 4312 1,
1283 4247 1310 4310 3)
1329 4271 1362 4294 --
1389 4249 1459 4304 Poll.

336 4327 406 4384 VIII.
425 4329 466 4391 90,
485 4330 768 4388 soh01.Phaed.t9E
786 4334 873 4400 (quod
890 4334 920 4388 iu
939 4335 1063 4388 editione
1075 4333 1460 4398 Dilbuerienadesideretur)

334 4436 366 4461 =
385 4413 457 4469 PoII.
476 4416 544 4468 VIII.
567 4419 615 4470 102
633 4418 666 4472 oi,
686 4418 764 4474 Oohu
782 4420 799 4473 I.
819 4420 835 4472 l.
855 4435 879 4486 p.
900 4420 957 4484 780,
976 4421 1066 4476 Bethe
1084 4421 1101 4474 1.
1120 4421 1138 4474 I.
1157 4435 1182 4488 p.
1201 4421 1260 4477 336.
1383 4417 1387 4424 ’
