3408 5276
807 561 849 624 35

264 767 333 842 θῶς
357 764 446 850 ἄρξαι
469 773 527 849 τῆς
557 763 677 840 πόλεως
707 765 729 848 ἢ
753 764 943 850 πρεσβεῦσαι
965 771 1074 840 κακῶς
1096 766 1117 850 ἢ
1141 763 1222 842 ὅλως
1244 763 1393 852 δημόσιόν

264 890 295 932 τι
318 871 374 932 καὶ
395 870 499 932 κοινὸν
522 866 798 953 διαχειρίσαντας.
825 869 881 930 καὶ
903 868 944 930 τὰ
966 867 1155 953 δικαστήρια
1178 869 1234 953 μὲν
1256 869 1285 933 οἱ
1307 867 1393 954 λογι-

267 974 340 1036 σταὶ
362 971 534 1055 κληροῦσι.
561 979 736 1056 κατηγορεῖ
758 969 791 1034 δὲ
815 968 1047 1056 ὁβουλὸμενος,
1072 973 1128 1035 καὶ
1149 979 1214 1046 τοῖς
1229 971 1394 1048 δικασταῖς

263 1075 389 1158 ἐφεῖται
411 1072 567 1158 τιμᾶσθαι
589 1082 653 1149 τοῖς
676 1071 806 1137 ἁλοῦσιν
828 1073 902 1136 ὅσον
924 1071 1100 1159 βούλονται.
1147 1073 1247 1139 Nemo
1270 1075 1395 1158 quidem

266 1197 303 1242 01
324 1177 373 1242 his
396 1176 597 1259 scriptoribus
620 1177 745 1260 plenam
768 1176 856 1241 nobis
873 1175 1110 1257 explicationem
1126 1179 1278 1256 servavit3
1302 1179 1394 1244 modo

266 1282 325 1346 hoc
356 1281 446 1346 modo
480 1281 559 1345 illud
592 1280 786 1345 enuntiatum
819 1279 858 1344 ab
879 1298 940 1344 uno
964 1279 1099 1345 alterove
1122 1281 1269 1345 omissum
1293 1283 1341 1346 est
1362 1287 1395 1349 et

266 1384 388 1468 integra
419 1384 523 1467 glossa
554 1383 599 1447 ita
631 1382 815 1460 restituitur,
848 1383 883 1446 ut
914 1381 999 1446 aliud
1030 1400 1067 1446 01
1098 1382 1159 1447 alio
1183 1385 1393 1467 suppleamus·

267 1488 439 1553 Attamen
462 1507 523 1552 non
546 1486 694 1552 temerius
717 1504 766 1550 me
789 1486 889 1570 egisse
922 1485 1022 1563 eredo,
1056 1485 1136 1568 quod
1168 1487 1284 1570 conjeci
1313 1488 1395 1554 hune

268 1593 333 1658 fere
355 1592 451 1656 luisse
475 1589 638 1656 verborum
662 1587 800 1653 ordinem
824 1588 927 1666 fontis,
954 1587 1037 1653 unde
1060 1607 1116 1653 sue
1137 1590 1266 1672 quisque
1289 1595 1358 1656 mut
1381 1628 1395 1642 ·

233 1701 235 1706 '
267 1697 339 1760 etus
361 1695 413 1759 eit.
459 1694 537 1758 Sane
560 1692 624 1770 illc,
649 1691 701 1774 qui
718 1691 836 1773 primus
857 1691 978 1774 judices
1001 1692 1082 1756 sorte
1104 1691 1251 1776 legendos
1273 1693 1396 1778 legistis

267 1797 364 1876 dedit,
389 1797 572 1880 quicumque
592 1796 660 1874 fuit,
684 1795 847 1877 0110111’)1
872 1795 983 1860 011011
998 1795 1193 1861 simillimum
1208 1799 1396 1864 estcausam

267 1901 360 1966 buius
384 1902 495 1966 erroris
511 1899 712 1965 Aristotelem
736 1899 840 1981 ipsum
857 1897 962 1964 fuisse.
1001 1898 1063 1963 llio
1078 1900 1162 1964 enim
1176 1898 1293 1987 ’Atqu
1318 1903 1393 1967 πολ.

269 2022 336 2086 cap.
360 2002 488 2066 56-59
519 2001 620 2066 officia
653 2019 762 2066 novem
798 2001 980 2066 archontum
1012 2001 1186 2068 describens
1209 1986 1262 2069 'eis
1287 2005 1398 2071 tribuit

269 2108 304 2170 τὸ
328 2105 460 2188 εἰςοὶγειν
493 2104 535 2179 εἰς
557 2103 759 2187 δικαστήριον
782 2105 814 2168 01
837 2105 872 2166 τὸ
896 2106 967 2178 τοὺς
990 2103 1141 2181 δικαστὰς
1163 2106 1313 2193 κληροῦν,
1348 2109 1396 2174 10·

268 2210 359 2292 gistis
382 2208 423 2272 ib.
453 2227 519 2289 cap.
547 2206 629 2270 542
653 2206 752 2272 solum
776 2208 812 2268 τὸ
835 2206 968 2289 εἰςοὶγειν
990 2207 1032 2282 εἰς
1054 2207 1266 2294 δικαστήριον.
1306 2211 1396 2276 Unde

269 2313 324 2377 ille
346 2313 394 2376 vir
416 2314 552 2395 ignotus,
576 2310 777 2376 Aristotelem
802 2310 935 2374 alterum
957 2309 1139 2392 logistarum
1163 2312 1297 2377 officium
1320 2318 1397 2380 omi·

270 2417 347 2480 sisse
371 2417 467 2493 ratus,
489 2415 541 2498 jus
565 2415 738 2498 corrigendi
761 2413 820 2479 sibi
843 2413 1014 2478 vindicavit
1036 2414 1067 2478 et
1090 2413 1226 2480 officium
1249 2425 1304 2479 τοῦ
1327 2421 1398 2494 τοὺς

271 2519 423 2594 δικαστὰς
446 2517 584 2604 κληροῦν
607 2518 719 2602 injuria
745 2516 914 2600 demptum.
928 2517 1051 2600 legistis
1070 2517 1213 2584 reddidit.
1257 2519 1396 2602 Brevius,

271 2622 326 2687 sed
348 2623 451 2687 tamen
475 2623 596 2686 servata
618 2621 673 2685 illa
696 2621 776 2684 mira
798 2621 953 2702 tripert'ta
976 2620 1135 2701 divisione,
1163 2622 1292 2688 eandem
1313 2626 1397 2708 glos-

271 2744 338 2789 sam
369 2725 501 2808 legimus
532 2725 564 2788 in
595 2724 692 2789 101100
725 2722 974 2806 cantabrigiensi
1004 2753 1044 2780 =
1078 2725 1174 2791 schol.
1205 2727 1287 2792 Plat.
1314 2729 1397 2812 legg.

272 2850 301 2912 p.
325 2827 389 2891 945
413 2829 452 2893 D.
476 2827 522 2910 (ΙΙ
546 2847 576 2910 p.
600 2826 673 2890 483.
697 2825 739 2889 23
762 2826 905 2909 Dirbner)
935 2827 983 2891 his
1005 2827 1125 2892 verbis:
1159 2829 1279 2894 εὔθυνα
1301 2831 1399 2914 κρίσις

271 2933 358 2994 κατὰ
389 2937 450 2994 τῶν
474 2928 632 3014 ἀρξάντων
653 2930 675 3013 ἢ
698 2929 958 3015 πρεσβευσάντων
980 2931 1001 3014 ἡ
1025 2951 1054 2994 τι
1077 2939 1138 2995 τῶν
1161 2930 1282 3008 πόλεως
1303 2955 1399 3018 χειρι-

272 3032 394 3096 σάντων
417 3031 496 3107 ὅλως
527 3033 559 3096 01
589 3031 689 3114 primo
721 3032 771 3096 vol
793 3032 890 3097 altero
912 3033 1076 3098 1101101110
1098 3053 1209 3118 genere
1231 3037 1344 3102 omisso
1367 3038 1399 3101 in

273 3135 396 3199 'limaci
417 3134 476 3198 101.
503 3135 656 3217 platonico
680 3153 710 3216 p.
734 3134 807 3213 125,
835 3155 884 3218 ap.
907 3136 1002 3200 schol.
1026 3138 1188 3204 11000111.
1212 3140 1240 3217 1,
1264 3140 1321 3205 111.
1350 3141 1397 3205 15.

272 3237 334 3317 Qui
356 3237 415 3302 loci
440 3255 544 3302 ornnes
567 3256 673 3303 vocem
696 3237 816 3323 sudden
848 3240 970 3303 tantum
1000 3241 1262 3324 interpretantur;
1294 3245 1397 3307 utrum

272 3341 405 3424 legistae
430 3361 469 3406 an
492 3342 619 3426 enthyni
641 3341 775 3406 rationes
799 3341 978 3424 receperint,
1011 3361 1071 3408 non
1094 3346 1212 3410 curant.
1256 3345 1316 3412 Sed
1339 3363 1400 3410 non

273 3445 375 3510 solum
400 3445 500 3527 prima
522 3445 578 3510 illa
610 3446 783 3530 glossarum
816 3447 910 3511 series
942 3445 1077 3512 officium
1108 3456 1163 3512 τοῦ
1187 3448 1321 3524 εὐθύνας
1343 3449 1399 3526 εἰς·

274 3547 362 3632 ἀγειν
395 3549 449 3612 aut
484 3548 627 3612 ἀπαιτεῖν
657 3549 780 3632 legistis
812 3551 932 3615 tribuit.
992 3549 1077 3615 Idem
1115 3551 1189 3616 facit
1219 3551 1277 3616 101.
1309 3553 1398 3617 Dem.

276 3651 377 3716 Palm.
401 3671 432 3733 p.
450 3650 511 3714 142
534 3652 573 3716 ad
596 3651 703 3736 elli,
726 3654 778 3718 ubi
801 3653 936 3738 legimus
960 3653 1123 3738 λογισταί·
1150 3653 1236 3739 ἀρχή
1260 3675 1304 3730 τις
1326 3653 1397 3739 παρ’

273 3749 460 3840 Ἀθηναίοις
492 3758 563 3832 τοὺς
585 3758 741 3842 ἄρχοντας
763 3761 819 3820 καὶ
841 3761 911 3834 τοὺς
933 3759 1125 3846 πρεσβευτὰς
1147 3759 1323 3823 ἀπαιτοῦσα
1345 3762 1401 3838 τὰς

275 3857 422 3934 εὐθύνας.
470 3860 589 3926 lterum
621 3862 709 3926 nobie
732 3862 866 3926 occurrit
889 3862 994 3926 eadem
1017 3862 1128 3928 divisio
1150 3864 1398 3948 magistratuum,

275 3961 388 4026 iterum
411 3962 544 4046 legistae
568 3964 703 4030 rationes
728 3965 969 4048 magistratuum
990 3966 1152 4048 recipiunt.

379 4065 471 4130 Nune
495 4066 558 4148 jam
581 4068 610 4132 ei
631 4068 698 4134 loco
721 4069 848 4151 propius
871 4069 1015 4136 secedere
1033 4090 1207 4152 possumus,
1229 4072 1310 4138 unde
1332 4091 1401 4137 mea

276 4165 402 4249 quidem
433 4169 586 4234 sententia
619 4169 775 4251 sequitur,
814 4172 909 4236 etiam
940 4171 1215 4255 Harpocrationem
1246 4173 1401 4256 quondam

277 4353 534 4364 ----.--..

383 4485 408 4554 1)
427 4487 619 4542 Wilemowita
637 4489 653 4541 l.
673 4488 689 4541 Ι.
710 4487 740 4540 ll.
759 4490 811 4542 232
829 4489 898 4542 Anu.
917 4490 941 4543 6.
