3396 5278
870 531 931 594 116

795 622 998 632 —-—-—

436 735 533 801 Μ1υ1ι.
560 737 655 804 Peon.
679 736 697 819 β
719 741 755 801 4.

340 888 362 973 ἡ
390 891 460 973 περὶ
491 898 600 954 καινοῦ
632 911 712 966 τινος
744 888 854 974 ἀδική·

342 1013 439 1078 ματος
480 991 649 1078 εἰςαγωγή,
702 992 854 1078 δημοσίου

342 1094 452 1181 ὁμοίως
475 1096 530 1158 καὶ
553 1094 720 1178 ἰδιωτικοῦ,
755 1096 855 1180 είςαγ-

340 1198 434 1283 γελία
457 1198 720 1284 κατωνομάζετο·
753 1197 856 1284 είςήγ-

341 1300 457 1388 γελλον
494 1302 527 1365 δὲ
566 1304 625 1386 τὴν
656 1300 748 1386 δίκην
781 1304 857 1385 πρὸς

342 1408 400 1490 τὴν
431 1405 549 1492 βουλην
575 1403 697 1479 οὐδένες
719 1402 811 1468 ἄλλοι
833 1405 855 1488 η

342 1509 370 1574 οἱ
392 1509 566 1594 πρυτάνεις.

445 1750 543 1814 κιαι.
570 1751 665 1814 νων.
689 1749 707 1831 ς
731 1751 762 1813 ο.

343 1903 370 1965 εἰ
407 1901 440 1965 δέ
479 1923 523 1978 τις
561 1905 613 1966 τὸν
646 1902 858 1986 ὑπορύττοντα

343 2005 493 2089 δημόσιον
527 2003 684 2089 μέταλλον
714 2006 736 2090 ἢ
765 2005 858 2092 δημό-

344 2129 410 2171 σιον
449 2108 537 2170 οίκον
574 2106 797 2194 ἐξιδιοόμενον,
835 2109 857 2192 ἢ

343 2218 453 2286 κακῶς
476 2211 773 2295 ἐπιτετροπευκότα,
802 2212 858 2287 είς-

343 2323 422 2398 ηγεν
447 2314 489 2389 εἰς
511 2313 724 2399 δικαστήριον,
755 2315 772 2378 ό
796 2337 858 2379 τοι-

343 2427 432 2493 οῦτος
476 2417 594 2501 φαίνειν
638 2417 769 2502 ἐλέγετο
806 2421 860 2482 τόν

344 2519 484 2583 ἁλόντα·
515 2523 571 2584 καί
602 2521 623 2605 ἡ
651 2520 724 2604 δίκη
757 2521 859 2584 ἐντεῦ-

344 2623 403 2687 θεν
455 2621 711 2708 ἐπονομαζομένη
768 2624 860 2707 φάσις

344 2724 598 2808 παρωνομάζετο.

436 2949 533 3014 mich.
560 2950 654 3014 ΡεοΙΙ.
679 2955 696 3026 5
721 2951 764 3012 15.

345 3102 372 3164 εί
404 3101 437 3164 δέ
469 3124 515 3178 τις
541 3102 649 3178 δοῦλος
672 3101 774 3166 δοκῶν
796 3113 861 3178 τοῖς

951 737 1045 818 Θιεφ.
1068 735 1210 802 corinth.
1237 755 1266 818 p.
1287 737 1353 801 1119.
1376 737 1464 802 1-5.

950 890 973 975 η
1004 891 1073 974 περί
1104 896 1213 952 καινοῦ
1244 910 1325 966 τινος
1355 889 1467 974 ἀδική-

952 1014 1048 1078 ματος
1094 991 1268 1076 είςαγωγή,
1315 991 1467 1078 δημοσίου

952 1094 1063 1181 ὁμοίως
1085 1098 1140 1158 καὶ
1163 1096 1331 1178 ἰδιωτικοῦ,
1365 1095 1467 1178 είςαγ·

951 1198 1044 1284 γελία
1067 1198 1323 1283 κατωνομάζετο·
1363 1199 1466 1284 είςηγ-

951 1301 1066 1386 γελλον
1103 1301 1136 1364 δὲ
1173 1303 1232 1385 την
1270 1299 1362 1386 δίκην
1393 1305 1469 1384 πρὸς

952 1405 1011 1488 την
1042 1403 1160 1490 βουλην
1186 1403 1308 1480 οὐδένες
1330 1404 1421 1468 ἄλλοι
1443 1405 1465 1488 ἢ

953 1507 981 1570 οί
1003 1507 1179 1591 πρυτάνεις.

954 1747 1047 1829 Greq.
1064 1747 1205 1812 Corinth.
1229 1767 1259 1830 ρ.
1284 1750 1349 1812 1119.
1369 1749 1467 1811 5-9.

955 1901 982 1964 εἰ
1014 1899 1047 1964 δέ
1084 1921 1129 1976 τις
1166 1903 1218 1963 τόν
1255 1900 1469 1984 ὑπορύττοντα

955 2003 1105 2089 δημόσιον
1137 2002 1295 2089 μέταλλον
1325 2005 1346 2088 ἢ
1371 2002 1468 2088 δημό-

955 2128 1020 2170 σιον
1042 2107 1130 2171 οίκον
1154 2106 1391 2192 ἐξιδιοόμενονῆ
1409 2129 1468 2169 κα-

955 2219 1019 2285 κῶς
1036 2209 1322 2296 ἐπιτετμοπευκότα
1346 2211 1470 2295 είςηγεν

955 2313 997 2389 εἰς
1029 2314 1249 2399 δικαστήριον,
1283 2313 1299 2376 ό
1332 2324 1472 2390 τοιοῦτος

955 2415 1074 2500 φαίνειν
1097 2415 1227 2501 ἐλέγετο
1251 2419 1303 2480 τόν
1326 2417 1467 2482 άλόντα·

954 2523 1009 2583 καί
1024 2519 1047 2604 η
1063 2519 1135 2606 δίκη
1153 2521 1303 2585 ἐντεῦθεν
1318 2522 1470 2606 ὀνομα-

954 2621 1113 2707 ζομένη
1160 2623 1251 2706 φάσις
1287 2645 1470 2710 παρονο-

956 2726 1151 2810 μάζεταα

956 2950 1470 3034 (λωφῦοιῑηῦι.μ.1120.22-24.

955 3105 983 3166 εί
1006 3101 1058 3166 δέ’
1072 3125 1116 3180 τις
1147 3104 1256 3181 δοῦλος
1281 3105 1383 3169 δοκῶν
1406 3116 1472 3182 τοῖς

345 3204 554 3290 νομιζομένοις
581 3204 747 3281 δεσπόταις
769 3203 860 3291 δίκην
906 3194 909 3278 Ι
956 3207 1163 3293 νομιζομένοις
1190 3207 1355 3284 δεσπόταις
1378 3207 1472 3294 δίκην

345 3307 536 3394 ἐλάγχανεν,
568 3309 762 3373 ἀποστασίου
786 3307 859 3394 δίκη

345 3415 381 3475 τδ
404 3423 536 3496 πρᾶγμα
558 3413 814 3498 κατωνομάζετο.

443 3653 538 3716 Μ1υ11.
563 3654 656 3717 ΡευΙΙ.
680 3659 696 3730 §
720 3655 762 3719 21.

345 3804 366 3887 ἡ
391 3805 424 3866 δὲ
448 3805 604 3891 ἐπωβελία
627 3807 690 3868 άπδ
711 3816 766 3870 τοῦ
783 3829 859 3891 συμ-

345 3909 517 3994 βεβηκότος
544 3911 602 3994 την
625 3909 794 3994 συνθήκην
818 3911 859 3972 εί-

346 4012 458 4096 ληφεν.
509 4011 639 4096 Ἐπειδη
664 4013 725 4095 γάρ
747 4011 860 4075 πολλοὶ

346 4123 408 4178 τῶν
422 4116 465 4198 μη
482 4114 686 4179 ἐπιτιθέντων
701 4123 741 4198 τη
757 4114 860 4198 γλώτ-

346 4238 385 4300 τη
432 4217 562 4302 χαλινόν
602 4227 667 4292 τοῖς
708 4216 860 4280 ἐπιεικέσι

346 4322 401 4383 καί
429 4321 608 4406 άπράγμοσι
638 4320 858 4406 προςεφόοντο,

346 4422 388 4499 ὡς
419 4423 545 4499 πλείους
577 4422 689 4499 τόκους
721 4423 771 4486 ἐπὶ
796 4434 861 4500 τοῖς

955 3309 1147 3396 ἐλάγχανεν,
1178 3311 1372 3376 ἀποστασίου
1396 3311 1471 3397 δίκη

998 3414 1249 3498 κατωνομάζετο.

956 3655 1050 3734 Greq.
1062 3653 1200 3718 Corinth.
1214 3675 1245 3736 ρ.
1260 3657 1320 3721 1121.
1334 3657 1466 3722 12-20.

956 3806 977 3890 η
1001 3807 1034 3868 δέ
1058 3807 1214 3893 ἐπωβελία
1236 3809 1298 3871 άπδ
1321 3819 1376 3872 τοῦ
1393 3830 1471 3893 συμ·

957 3909 1128 3996 βεβηκότος
1155 3913 1213 3994 τὴν
1237 3912 1405 3998 συνθήκην
1427 3913 1471 3975 εἴ·

956 4013 1076 4096 ληφεν·
1112 4013 1220 4098 ἐπειδη
1257 4017 1318 4100 γάρ
1357 4016 1470 4080 πολλοὶ

957 4123 1018 4179 τῶν
1035 4117 1078 4201 μη
1095 4117 1299 4182 ἐπιτιθέντων
1315 4128 1354 4203 τῇ
1367 4119 1471 4204 γλώτ-

957 4241 996 4302 τη
1020 4220 1151 4304 χαλινόν
1165 4231 1232 4298 τοῖς
1247 4223 1398 4286 ἐπιεικέσι
1415 4231 1473 4291 καί

956 4323 1106 4409 πράσις
1150 4326 1378 4408 προςεφόοντο,
1430 4325 1473 4401 ὡς

956 4425 1082 4501 πλείους
1104 4425 1216 4502 τόκους
1248 4437 1319 4491 τοῦ
1352 4428 1472 4492 δέον-
