3408 5276
810 519 854 586 39

267 744 340 807 pou
362 723 550 799 inscribitur,
573 723 761 788 mentionem
783 723 868 788 facit.
905 723 996 788 Tales
1019 743 1181 788 causarum
1196 724 1392 808 publicarum

269 828 424 910 patronos,
448 827 548 908 qualis
571 826 705 892 Pericles
729 827 804 900 erat,
828 846 898 890 cum
922 825 1081 892 Cimonem
1104 829 1276 908 accusabat,
1310 847 1392 894 36111-

268 949 322 1012 per
352 947 412 994 non
436 932 526 1008 sorte,
563 931 615 994 sed
647 929 791 1012 suffragio
822 948 838 992 6
861 930 1135 1011 praestantissimis
1158 930 1295 995 civitatis
1317 931 1392 996 viris

268 1033 381 1098 electos
404 1052 471 1098 esse
493 1053 549 1116 per
571 1053 603 1099 36
626 1034 865 1098 consentaneum
888 1036 944 1098 est.
990 1032 1196 1100 Scholiastam
1209 1034 1392 1114 Aristopha-

268 1137 316 1200 nis
333 1141 367 1215 ¹),
400 1137 452 1218 qui
475 1137 514 1201 ad
546 1156 590 1214 63,
624 1155 701 1218 quae
732 1155 768 1200 ex
791 1136 999 1218 Aristophane
1025 1138 1091 1218 ipso
1114 1137 1267 1220 cognovit,
1301 1155 1392 1220 sync-

268 1257 357 1321 goros
380 1239 518 1322 singulas
541 1239 703 1304 drachmas
726 1239 897 1304 mercedem
916 1240 1079 1320 accepisse,
1104 1239 1211 1305 statim
1227 1239 1393 1322 magistre·

267 1343 334 1408 tum
358 1343 581 1408 Aristoteleum
614 1342 766 1425 adjungit,
797 1342 898 1407 aliena
929 1342 1057 1408 miscere
1084 1342 1150 1425 jam
1181 1341 1392 1423 Sohtmann²l

268 1446 412 1510 ostendit.
465 1445 598 1511 Eosdem
628 1446 687 1510 lox.
720 1441 790 1529 ch.
813 1447 852 1510 V.
875 1444 993 1510 3ol.4
1024 1447 1056 1510 61
1078 1445 1170 1510 Phot.
1203 1464 1228 1509 s.
1260 1465 1288 1509 n.
1322 1463 1392 1510 oum

268 1549 397 1631 privetis
420 1569 581 1614 causarum
605 1549 759 1616 actoribus
783 1549 965 1632 composuit.
1011 1547 1100 1628 Quod
1121 1549 1180 1613 lox.
1204 1547 1289 1614 Cant.
1315 1567 1337 1612 s.
1363 1568 1391 1612 v.

269 1651 412 1736 λογισταί
442 1653 629 1731 hariolator,
668 1653 832 1734 postquam
863 1651 1016 1733 Kaibel⁸l
1046 1651 1183 1734 glossam
1214 1651 1393 1716 Aristotelis

268 1755 382 1820 auxilio
398 1756 535 1835 correxit,
554 1755 700 1837 jamnon
722 1775 776 1838 pro
799 1755 983 1820 documento
1005 1754 1105 1820 afferri
1128 1755 1240 1838 potest,
1262 1754 1394 1836 logistas

269 1860 300 1924 61
321 1878 486 1944 synogoros
517 1877 664 1941 umquam
688 1859 833 1942 suffragio
856 1859 1041 1924 constitutos
1073 1877 1151 1924 6336.
1195 1857 1322 1940 Majoris
1346 1857 1394 1922 est

268 1964 417 2028 momenti
448 1963 606 2027 decretum
634 1962 953 2046 Myrrhinusiorum⁴)
986 1962 1074 2026 anuis
1105 1961 1177 2044 post
1202 1958 1394 2024 344-340

267 2065 364 2148 lapidi
386 2067 519 2130 incisum
545 2067 575 2130 h.
600 2085 625 2130 e.
649 2067 767 2130 eisdem
798 2066 862 2129 fere
893 2065 1093 2146 temporibus,
1127 2065 1237 2146 quihus
1268 2063 1393 2128 libellus

219 2193 227 2204 ·
269 2167 372 2234 noster
401 2170 438 2234 dc
460 2170 632 2252 Republica
657 2170 891 2234 Atheniensium
923 2170 1113 2250 conscriptus
1146 2170 1202 2233 est.
1248 2167 1393 2250 Euthyni,
1499 2246 1502 2255 Ι

269 2273 411 2356 legistae,
444 2275 588 2358 synegori
611 2275 684 2356 pagi
694 2273 721 2352 ⁵)
753 2273 867 2338 mirum
890 2274 1040 2354 quantum
1071 2270 1257 2354 respondent
1292 2270 1395 2352 magi·

269 2376 416 2442 stratibus
438 2377 635 2458 reipublicae,
659 2376 719 2440 nisi
742 2375 823 2458 quod
845 2375 894 2438 illi
917 2373 1061 2458 suffragio
1085 2374 1278 2456 legebantur.
1317 2371 1395 2436 Cum

269 2479 375 2542 notum
413 2479 471 2558 sit,
510 2480 654 2546 instituta
691 2478 879 2560 reipublicae
917 2477 1004 2561 pagis
1042 2477 1222 2559 plerumque
1255 2475 1394 2556 exemplo

268 2581 408 2665 fuissc⁶),
442 2583 578 2666 proiecto
611 2583 718 2648 mirari
744 2601 917 2667 possumus
951 2601 1005 2646 our
1034 2579 1237 2664 Myuhinusii
1269 2578 1307 2642 ab
1339 2579 1394 2644 hoo

269 2685 407 2768 exemplo
436 2686 642 2752 discesserint.
692 2687 797 2768 ltaque
819 2686 895 2751 haec
918 2685 954 2750 do
978 2685 1136 2768 synogoris
1159 2684 1298 2766 quaestio
1322 2700 1394 2746 con·

268 2790 360 2868 torta,
394 2790 490 2854 donec
514 2791 583 2854 noui
605 2790 692 2854 tituli
713 2790 843 2854 certiora
866 2789 1035 2866 docuerint,
1065 2789 1097 2852 in
1130 2805 1277 2868 suspenso
1299 2785 1395 2848 relin-

269 2893 388 2973 quenda
410 2894 467 2957 est.

370 2995 441 3060 Jam
466 3013 559 3077 supra
582 2994 716 3059 vidimus
739 3014 755 3059 6
778 2995 844 3060 1666
867 2993 1130 3077 Harpocrationeo
1153 3011 1177 3057 s.
1202 3011 1231 3056 v.
1264 2989 1394 3054 etthoen

271 3097 405 3161 nondum
437 3098 519 3162 certo
551 3097 693 3163 concludi
724 3116 824 3180 posse,
856 3098 973 3162 sontem
998 3095 1164 3162 Aristotele
1192 3093 1396 3176 antiquiorem

269 3200 360 3264 61611
384 3219 419 3265 eo
442 3201 597 3266 diversum
620 3201 671 3266 hic
692 3201 779 3266 nobis
801 3203 924 3283 praesto
947 3220 1023 3266 esse.
1069 3199 1135 3279 Quo
1158 3198 1277 3262 aceedit
1298 3197 1396 3260 altera

269 3323 362 3368 causa
392 3324 408 3369 e
439 3306 541 3370 verbis
573 3306 844 3388 Harpocrationeis
876 3307 951 3387 ipsis
988 3304 1108 3368 hausta.
1167 3301 1396 3384 Harpocration

269 3408 350 3472 enim
372 3408 422 3472 vel
444 3407 697 3490 Harpocrationis
720 3409 797 3489 fons,
824 3408 996 3474 testimonii
1019 3407 1087 3472 loco
1110 3405 1249 3470 nominat
1273 3403 1395 3468 Aristo·

268 3510 338 3574 telis
355 3511 391 3575 de
408 3511 578 3593 Republica
593 3513 831 3578 Atheniensium
855 3512 1007 3578 libellum.
1057 3511 1101 3574 At
1116 3527 1172 3592 per
1195 3527 1226 3572 se
1249 3507 1313 3572 veri
1332 3505 1398 3570 dis-

362 3835 396 3900 1)
416 3836 500 3903 Vesp.
519 3836 577 3890 691.

370 3921 397 3988 2)
416 3924 450 3976 de
469 3923 591 3977 comitiis
609 3937 634 3990 p.
656 3922 713 3975 108.

370 4010 397 4074 3)
416 4009 470 4062 Stil
488 4023 514 4062 u.
533 4008 609 4062 Text
626 4023 651 4074 p.
671 4007 729 4062 227.

368 4095 396 4160 4)
415 4093 486 4148 OJA.
504 4094 536 4148 ll.
559 4095 619 4147 678.

368 4185 396 4249 6)
414 4183 522 4237 Κ611161·
542 4181 786 4237 adeuntium
813 4183 961 4236 contra-R,
989 4184 1152 4249 Sohtllinm,
1180 4187 1215 4241 do
1242 4187 1391 4256 synogoris

267 4266 361 4322 atticis
374 4283 400 4334 p.
419 4268 452 4322 29
470 4283 511 4336 sq.
526 4267 592 4335 J'ure
611 4267 764 4330 contendit,
782 4268 967 4334 magistratus
980 4267 1194 4337 Myrrhinusios
1213 4286 1269 4326 non
1282 4273 1391 4326 Atticos

265 4353 472 4421 intellegendos
496 4368 567 4408 esse.

369 4440 536 4506 6111363611,
556 4441 667 4494 dissert.
687 4441 835 4507 Argentor.
854 4440 891 4492 111
910 4456 934 4508 p.
954 4442 995 4496 66.
