3396 5278
754 501 814 566 127

223 706 294 784 cuit,
319 723 412 786 quarn
435 703 472 768 ob
495 723 559 767 rem
583 703 665 784 apud
688 705 744 768 lex.
771 704 840 788 Seg.
866 707 910 769 lV
933 708 964 770 et
983 707 1021 784 V,
1045 706 1147 783 Phot,
1172 706 1270 782 said,
1294 725 1351 771 nec

222 829 281 874 uon
304 807 399 873 Mieh.
422 807 571 885 Psellum,
595 809 706 889 quibus
729 808 805 873 haee
828 811 909 876 actio
924 811 1044 874 intenta
1060 811 1109 889 sit
1134 811 1349 892 cognoscimus

222 913 362 996 neglecte
386 912 573 989 discrimine,
600 913 681 994 quod
699 913 786 977 inter
809 913 965 998 ἐφήγησιν
993 915 1024 978 et
1047 913 1226 998 ἀπαγωγήν
1248 915 1280 978 et
1302 915 1350 978 ἓν·

223 1015 314 1094 δειξιν
337 1015 403 1080 exst
424 1017 447 1079 t.

120 1205 206 1270 sord.
240 1223 266 1268 s.
290 1222 317 1266 ν.
349 1201 427 1286 ἐφῇ·
456 1205 547 1268 Pirot.
571 1223 598 1268 e.
621 1223 651 1270 ν.
685 1203 763 1290 ἐφή-
835 1207 909 1270 Lex.
936 1207 1011 1286 Sep.
1035 1206 1071 1269 V.
1146 1205 1241 1270 urion.
1266 1205 1360 1268 Psell.
1384 1205 1453 1286 §a

221 1310 324 1374 γῇοις,
550 1308 653 1374 γῇσις.
893 1292 958 1357 312.
982 1294 1013 1356 31
1402 1313 1404 1316 ·

118 1446 188 1508 ἐστὶ
210 1442 282 1527 δίκη
309 1443 426 1525 είςοιγο-
455 1441 611 1527 ἐφῇγῇσίς
634 1444 701 1508 ἐστι
720 1443 762 1508 δί-
800 1444 991 1531 ἐφῇγησιςῑ)
1033 1445 1107 1532 δίκη
1144 1444 1165 1528 ἡ
1212 1443 1246 1506 δὲ
1299 1442 1455 1528 ἐφήγῇοις

23 1539 24 1562 ³
119 1546 427 1632 μὲνῇέπὶτοὺςὺπο-
455 1565 498 1630 κη
577 1547 761 1633 εἰςαγομένη
800 1547 884 1610 ἐστίν
922 1548 1107 1635 εἰςαγομὲνη
1145 1545 1264 1610 ἐδίδοτο
1286 1547 1371 1609 κατά
1393 1553 1455 1608 τῶν

117 1649 427 1735 δεξαμένουςτδνείρ-
455 1650 540 1712 κατά
554 1648 579 1728 ²)
603 1659 665 1714 τῶν
688 1651 762 1714 ὑπο·
799 1653 885 1714 κατὰ
913 1660 975 1716 τῶν
998 1652 1107 1716 ὑποδε-
1145 1647 1382 1734 ὑποδεξαμένων

119 1753 250 1838 γάμενον
280 1752 340 1814 ὑπὸ
366 1759 427 1814 τῶν
455 1751 631 1838 δεξαμένων
641 1755 694 1818 τὸν
704 1756 762 1838 cip·
799 1753 938 1838 ξαμὲνων
970 1757 1024 1817 τὸν
1048 1755 1108 1838 εἰρ-

117 1855 220 1940 νδμων
260 1854 427 1941 ἐπιβαίνειν
454 1855 587 1940 γδμενον
618 1856 677 1919 uad
702 1866 763 1921 τῶν
798 1857 930 1943 γδμενον
964 1859 1024 1920 ὑπὸ
1048 1866 1108 1921 τῶν

118 1969 177 2044 τῇς
207 1958 325 2043 χώρας,
362 1959 427 2020 οίον
455 1959 554 2043 νδμων
597 1958 763 2046 ἐπιβαίνειν
799 1961 900 2044 νόμων
944 1959 1109 2046 ἐπιβαίνειν

118 2060 246 2146 φυγάδα
275 2063 296 2145 ῇ
321 2060 426 2143 ἀνδρο-
455 2071 512 2145 τῇς
542 2061 659 2146 χώρας,
699 2065 764 2127 οίον
799 2071 856 2148 τῇς
890 2063 1007 2148 χώρας,
1043 2066 1108 2128 οίον

116 2165 221 2246 φόνον,
242 2165 353 2248 ῇὸταν
365 2173 427 2228 τῶν
455 2164 581 2248 φυγάδα
610 2167 631 2250 ῇ
656 2165 762 2250 ἀνδρο·
799 2166 925 2250 φυγάδα
956 2165 1107 2250 ῇάνδρο-
1144 2169 1198 2230 τδν
1234 2164 1382 2248 φυγάδα
1398 2173 1455 2248 τῇς

115 2265 327 2351 δημοσίωντι
350 2289 426 2330 κατ·
454 2265 559 2350 μόνον.
581 2269 763 2352 ῇδτανπῶν
799 2269 902 2353 μόνον.
919 2269 1030 2353 ῇδταν
1046 2277 1108 2332 τῶν
1144 2268 1266 2342 πόλεως
1317 2269 1339 2352 ῇ
1392 2275 1456 2329 τῶν

115 2369 205 2453 ἐχειν
250 2369 329 2452 δοκῇ
382 2392 426 2446 τις
454 2369 610 2456 δημοσίων
632 2392 661 2434 τι
684 2393 761 2435 κατ·
798 2371 954 2458 δημοσίων
978 2393 1006 2434 τι
1029 2393 1106 2434 κατ·
1144 2369 1348 2453 κεκλοφδτων
1371 2369 1454 2433 λαθ-

117 2471 233 2555 κρὺφα.
454 2472 538 2558 ἐχειν
587 2474 667 2560 δοκῇ
717 2495 762 2550 τις
798 2474 884 2560 ἐχειν
934 2474 1013 2558 δοκῇ
1063 2495 1107 2550 τις
1143 2473 1235 2558 ραίως
1250 2483 1381 2558 πρᾶγμα
1397 2473 1452 2558 δη-

453 2577 568 2660 κρίιμα.
798 2579 913 2662 κρύφα.
1143 2577 1261 2663 μδσιον.

327 2763 472 2828 Sufficere
496 2766 585 2830 credo
608 2767 685 2831 haec
708 2767 848 2848 exempla
871 2787 889 2831 a
912 2787 961 2831 me
977 2768 1119 2845 collecta,
1144 2769 1224 2833 unde
1248 2768 1348 2850 quivis

223 2867 362 2931 Psellum
385 2887 445 2931 non
468 2870 602 2933 veterem
626 2869 759 2950 quidem,
784 2871 817 2933 at
839 2871 988 2934 usitatam
1011 2873 1115 2934 tamen
1140 2871 1277 2934 omnium
1301 2871 1348 2934 le·

222 2971 474 3054 xicographorum
508 2972 679 3038 doctrinam
710 2975 849 3036 secutum
875 2991 941 3037 esse
964 2974 1138 3056 perspiciat.
1185 2973 1246 3038 Sed
1268 2975 1348 3038 hanc

222 3075 323 3156 ipsam
356 3074 536 3154 doctrinam,
570 3077 711 3158 quemvis
743 3077 785 3140 sit
816 3075 985 3158 depravata
1007 3077 1039 3140 et
1062 3077 1209 3156 derivata,
1242 3077 1347 3141 tamen

223 3180 418 3242 contemnere
441 3197 503 3242 non
525 3197 698 3260 possumne,
735 3179 808 3260 quie
839 3179 870 3242 in
903 3179 1039 3244 fontibus
1071 3180 1208 3261 probatis
1236 3181 1347 3245 nititur

225 3282 256 3344 et
281 3281 413 3345 frustula
435 3282 582 3364 plenioris
617 3283 722 3364 copiae
753 3284 889 3364 pretiosa
911 3289 944 3346 et
966 3283 1090 3346 aliunde
1114 3284 1219 3366 ignota
1241 3283 1346 3348 nobis·

222 3401 293 3446 cum
317 3386 533 3449 communicat.
579 3385 697 3450 idcireo
719 3385 842 3450 Psellus
870 3404 999 3468 quoque,
1032 3386 1106 3450 licet
1128 3405 1176 3450 res
1199 3387 1283 3468 ipsae
1307 3387 1346 3450 ab

223 3484 281 3550 hcc
303 3489 444 3552 narratae
467 3489 582 3553 nullius
606 3489 669 3553 sint
691 3490 840 3554 momenti
863 3492 895 3552 et
916 3489 1028 3554 melius
1044 3489 1125 3571 apud
1141 3509 1346 3571 unumquem-

222 3607 282 3669 que
304 3589 554 3673 lexicographum
589 3593 740 3674 legentur,
773 3592 884 3675 dignus
918 3594 974 3669 est,
1009 3612 1100 3674 quem
1133 3593 1344 3674 respiciemur,

178 3725 181 3730 ·
222 3691 295 3772 quia
318 3693 402 3757 solus
425 3696 546 3775 praeter
568 3695 727 3760 Pollucem
756 3695 924 3761 secundum
945 3713 1048 3759 rerum
1072 3696 1209 3760 ordinem
1233 3695 1346 3760 librum

225 3797 406 3878 composuit.
461 3797 550 3876 Quod
581 3819 654 3865 sane
681 3800 758 3864 nihil
780 3800 905 3876 valeret,
938 3800 965 3864 si
987 3800 1053 3881 ipse
1076 3818 1125 3864 res
1148 3799 1205 3863 tali
1227 3799 1346 3864 ratione

223 3897 435 3981 disposuisset,
468 3904 500 3966 et
526 3905 630 3968 omnia
661 3925 677 3968 e
700 3905 796 3968 lexico
822 3903 956 3986 quodam
979 3903 1148 3968 secundum
1170 3903 1346 3968 litterarum

223 4001 361 4066 ordinem
384 4005 468 4068 edito
499 4005 663 4073 hausisset.
717 4007 776 4073 Sed
808 4007 944 4090 primum
967 4027 1022 4090 per
1045 4027 1076 4072 se
1099 4008 1164 4072 veri
1186 4008 1233 4071 est
1255 4005 1346 4070 dissi·

222 4194 480 4204 ——-.--———

328 4331 355 4398 1)
374 4332 434 4386 cod.
455 4331 590 4400 ὑφήγησις.

327 4416 356 4484 2)
376 4418 436 4472 cod.
456 4417 515 4470 ἀπό.
