3396 5278
752 503 813 568 137

169 733 170 736 ¹
223 723 404 786 persuasum
426 704 533 783 habeo,
566 707 602 770 nt
623 705 672 780 iis,
702 706 757 788 qui
783 709 993 789 sequerentur,
1024 711 1116 772 tenue
1147 709 1345 792 spicilegium

220 807 405 890 reliquisset.
440 853 443 858 -

323 911 548 994 Harpocration
572 914 678 978 utrum
700 933 736 978 ex
757 913 826 996 ipso
849 912 983 998 Didymo
1005 933 1044 980 an
1068 915 1268 998 ePamphilo
1291 916 1345 980 de-

219 1012 366 1080 rivandus
389 1015 441 1092 sit,
463 1015 598 1082 nondum
621 1017 813 1099 exploratum
838 1019 895 1084 ost.
941 1019 1065 1101 Bopscn
1079 1018 1104 1102 ¹)
1127 1019 1160 1084 in
1182 1022 1266 1084 certe
1288 1019 1348 1084 ali-

220 1135 280 1198 qua
303 1119 456 1184 sententia
477 1120 644 1186 consistere
668 1138 728 1186 non
753 1121 855 1203 potuit
876 1121 981 1202 itaque
1004 1120 1254 1188 dissertationem
1273 1141 1345 1203 pro-

220 1219 315 1284 misso
338 1221 465 1298 claudit,
490 1241 523 1286 se
539 1223 599 1290 alio
622 1225 760 1305 tempore
783 1223 821 1288 ad
844 1222 921 1288 haee
942 1223 1047 1288 studia
1070 1225 1242 1290 rediturum
1263 1243 1343 1308 esse,

221 1323 313 1404 quod,
344 1327 495 1408 quantum
517 1326 659 1409 equidem
682 1327 754 1406 scio,
791 1329 927 1392 nondum
958 1327 1125 1410 praestitit.
1182 1327 1267 1394 Cohn
1280 1328 1304 1410 ²)
1327 1349 1346 1393 a

220 1423 354 1509 Didymo
378 1427 508 1510 pendere
530 1429 805 1510 Harpocrationcm
828 1430 913 1505 dicit,
937 1430 979 1505 ,ni
1005 1429 1144 1496 fallitur‘.
1191 1429 1345 1496 Wilamo-

220 1528 403 1612 witzium³),
437 1532 486 1596 oui
517 1535 638 1614 praeter
669 1532 731 1598 alia
761 1532 862 1598 multa
886 1533 944 1598 hoo
967 1551 1087 1615 quoque
1110 1551 1243 1616 magnae
1267 1535 1345 1600 duco

192 1643 196 1652 ’
220 1633 317 1716 laudi,
340 1637 421 1717 quod
443 1636 628 1702 reremedio
651 1637 683 1701 in
705 1623 817 1702 itinere
839 1637 992 1715 subsistit,
1018 1637 1072 1702 sed
1096 1657 1346 1720 unamquamque

222 1757 286 1804 rem
308 1739 483 1807 incohatam
506 1759 603 1822 usque
626 1741 666 1806 ad
687 1743 855 1806 extremam
878 1741 1001 1819 lineam,
1031 1759 1260 1825 nonnumquam
1283 1743 1345 1807 for·

220 1845 303 1908 tasse
326 1843 431 1927 μεῖζον
453 1845 475 1928 ἢ
499 1841 578 1908 καθ’
600 1844 781 1928 ἄνθρωπον,
815 1845 1020 1926 persequitur,
1052 1844 1090 1909 de
1116 1843 1174 1910 hac
1196 1865 1238 1923 re,
1271 1846 1346 1928 quid

222 1945 359 2024 sentiret,
383 1947 541 2029 aperuisse
565 1949 678 2014 nescio.
716 1948 825 2030 Neque
847 1967 904 2032 ego
927 1949 1012 2012 brevi
1034 1967 1128 2012 manu
1150 1949 1230 2014 hanc
1251 1967 1346 2032 quao-

221 2050 351 2114 stionem
383 2052 557 2116 contortam
589 2051 758 2134 dijudicare
789 2051 898 2118 audeo.
952 2052 996 2116 At
1029 2052 1235 2118 consideranti
1269 2053 1346 2116 mihi

223 2152 468 2220 observationem
491 2154 631 2239 Rosei‘),
662 2155 916 2220 consuetudinem
940 2174 1006 2220 esse
1029 2155 1111 2238 apud
1133 2157 1252 2220 veteres
1274 2156 1346 2222 inde

221 2255 353 2338 aprimo
366 2276 395 2338 p.
414 2255 485 2322 Chr.
501 2277 528 2324 s.
543 2257 605 2324 late
624 2259 790 2340 patentem,
814 2259 934 2341 utque
953 2258 1101 2342 scriptore
1124 2259 1213 2340 quasi
1234 2259 1345 2324 funda-

222 2361 324 2424 mento
347 2361 447 2425 omnis
470 2379 562 2443 opera
584 2364 794 2444 superstructa
825 2362 876 2440 sit,
910 2362 992 2428 hunc
1023 2363 1074 2426 vix
1095 2363 1146 2427 vel
1166 2381 1236 2428 raro
1260 2383 1345 2428 com·

220 2467 399 2540 memorent,
423 2464 616 2529 verissimam
640 2483 716 2540 esse,
740 2465 909 2547 Didymum
925 2465 1031 2529 autem
1047 2467 1086 2530 ab
1103 2465 1345 2547 Harpocratione

220 2567 290 2650 plus
314 2586 405 2650 quam
428 2568 534 2634 tricies
556 2567 669 2634 testem
692 2567 823 2632 allatum
846 2587 922 2645 esse,
955 2568 1033 2632 nihil
1066 2569 1123 2646 est,
1150 2587 1204 2634 eur
1225 2570 1344 2634 hunee

220 2689 314 2754 grege
337 2671 514 2753 aequalium
536 2673 678 2736 eximam.
724 2671 865 2736 Fortasse
890 2691 926 2736 ea
948 2691 1078 2755 quoque,
1102 2692 1180 2754 quae
1199 2691 1291 2755 supra
1306 2673 1344 2737 de

220 2773 303 2838 fonte
326 2773 580 2856 Harpocrationis
602 2795 703 2840 rerum
727 2776 865 2840 ordinem
888 2776 993 2842 secuto
1016 2777 1151 2858 exposui,
1179 2775 1345 2842 dummodo

219 2895 257 2940 ne
280 2879 434 2956 corruant,
466 2877 610 2954 efficient,
642 2880 678 2942 ut
704 2879 800 2942 animi
833 2879 929 2942 nostri
952 2877 992 2942 ad
1015 2878 1215 2960 Pamphilum
1239 2897 1271 2943 se
1294 2879 1344 2941 in-

218 2979 344 3057 clinent,
377 2979 552 3062 aDidymo
584 2999 616 3044 se
639 2981 789 3044 avertant.
834 2979 919 3058 Quae
951 2981 1118 3062 utcumque
1153 2999 1185 3044 se
1216 2980 1341 3060 habent,

219 3082 251 3146 id
274 3085 352 3149 mihi
373 3085 492 3148 certum
514 3102 581 3148 esse
603 3084 734 3162 ridetur,
769 3103 845 3166 opus
859 3083 1090 3166 -Pamphileum
1122 3085 1220 3150 multo
1245 3085 1343 3149 rarius

221 3187 333 3252 diserte
356 3187 518 3253 laudatum
542 3207 634 3269 quam
658 3187 844 3270 explicatum
868 3188 981 3270 csse⁵t

323 3290 382 3355 Sed
405 3309 474 3355 oum
495 3291 562 3376 Jam
586 3291 624 3355 ad
647 3291 740 3354 finem
764 3289 990 3372 quaestionum,
1024 3309 1102 3374 quas
1136 3291 1212 3355 mihi
1235 3291 1262 3354 si
1285 3309 1344 3354 non

219 3393 445 3475 disceptandas,
456 3398 488 3458 at
503 3395 613 3460 saltem
628 3393 833 3458 instituendas
850 3395 1002 3476 proposui,
1020 3395 1221 3478 pervenerim,
1235 3394 1344 3471 restat,

221 3499 256 3564 ut
277 3499 366 3580 quasi
389 3517 542 3564 summam
564 3499 660 3563 totius
683 3499 797 3564 laboris
821 3493 1000 3564 subducam.

322 3603 508 3668 Aristoteles
540 3605 568 3666 in
603 3605 698 3666 altera
732 3603 826 3667 libelli
850 3601 889 3666 de
914 3604 1084 3685 Republica
1111 3601 1344 3666 Atheniensium

222 3712 310 3790 parte
333 3709 408 3791 ipsis
433 3710 554 3791 lapibus
574 3706 710 3772 nondum
726 3708 766 3772 ab
790 3709 852 3772 ullo
876 3709 1032 3789 scriptore
1056 3723 1114 3789 per
1137 3707 1255 3772 litteras
1276 3704 1345 3770 edi·

221 3848 475 3862 ———0-

326 3931 351 4001 1)
370 3934 413 3988 De
430 3935 594 4001 Harpocrat.
613 3935 680 3988 font.
700 3948 724 4000 p.
743 3934 785 3987 83.

323 4021 351 4086 2)
369 4021 451 4075 dhon.
470 4021 487 4074 f.
506 4021 578 4074 Phil.
614 4020 771 4088 suppl-Bo.
793 4020 897 4084 Xllsp.
916 4018 976 4074 325.
997 4056 1000 4062 ·

321 4104 350 4174 3)
368 4106 516 4173 Euripides
534 4106 672 4160 Herakles
695 4107 714 4159 l.
737 4121 761 4173 p.
782 4107 832 4159 158
850 4107 880 4158 in
897 4106 1062 4160 universum
1084 4105 1194 4158 tanturn
1217 4102 1346 4170 jndioat:

223 4191 301 4255 ,Von
314 4193 412 4246 seinen
426 4193 474 4261 (sc.
487 4193 613 4260 Didymi)
631 4192 765 4246 Ariaiton
783 4192 853 4246 iiber
871 4192 915 4245 dis
933 4191 1045 4244 Redner
1062 4191 1138 4244 steht
1156 4190 1234 4244 nicht
1252 4189 1347 4256 wenig

222 4277 266 4331 bei
284 4278 513 4346 Harpocration.“

322 4365 352 4431 4)
369 4365 484 4418 Aristot.
503 4365 681 4432 pseudepigr.
701 4378 726 4430 p.
745 4362 804 4416 426.

323 4451 350 4518 d)
369 4451 402 4506 cf.
422 4450 501 4505 (lehn
519 4451 536 4504 l.
555 4452 574 4506 l.
592 4466 618 4518 p.
637 4451 695 4505 340.
