3408 5276
696 560 835 624 ,19

249 771 302 834 Et.
325 769 368 832 M.
402 767 475 833 338.
503 767 539 830 31
579 766 610 830 in
644 765 703 829 lex.
727 764 819 828 Vind.
851 785 881 848 p.
905 763 957 829 88.
986 767 1035 844 10,
1068 770 1155 833 cuius
1188 769 1294 834 auctor
1324 774 1378 835 aut

251 873 435 956 Etymolegu
466 871 534 952 ipso
570 871 624 934 aut
656 868 764 934 eodem
786 868 870 932 fonte
892 887 967 936 usus
990 871 1082 934 verba
1105 873 1160 934 καί
1182 871 1337 936 ἐδείκνυον
1361 893 1377 938 e

249 977 357 1060 glossa
388 975 439 1039 Et.
471 974 514 1038 Μ.
549 970 673 1048 ἔνδειξις
705 991 737 1054 p.
768 970 840 1035 338.
874 971 915 1034 49
927 971 951 1055 ¹)
988 973 1087 1054 petita
1118 975 1196 1040 false
1227 975 1294 1041 loco
1328 976 1377 1040 in·
1409 1033 1410 1038 ,

250 1080 383 1146 seruisse
414 1079 547 1142 videtur.
601 1076 679 1140 Cum
701 1075 751 1140 Et.
776 1075 820 1140 M.
843 1077 910 1139 turn
933 1077 990 1141 lex.
1014 1076 1106 1142 Vind.
1138 1079 1169 1142 in
1193 1079 1251 1145 hae
1273 1080 1377 1162 poste-

250 1185 331 1247 riore
353 1181 457 1264 glossa
480 1181 756 1263 Harpocrationem
780 1181 878 1244 secuti
901 1186 982 1244 sunt.
1037 1179 1125 1260 Quod
1157 1182 1196 1246 ad
1219 1182 1378 1247 undecim·

253 1287 332 1349 viros
356 1283 523 1366 explicatos
547 1283 668 1359 attinet,
700 1282 779 1344 hanc
802 1283 937 1363 glossam
961 1283 1057 1346 simili
1079 1283 1158 1348 fonti
1189 1285 1288 1366 atque,
1324 1286 1377 1367 qui

251 1389 310 1452 les.
333 1386 436 1452 Patm.
459 1407 489 1470 p.
514 1386 613 1471 l3sl4
643 1387 766 1468 praesto
798 1386 867 1464 fuit,
899 1386 1044 1463 tribuam,
1077 1386 1149 1467 quia
1179 1387 1223 1451 ibi
1254 1387 1376 1452 tantum

252 1491 344 1556 verba
368 1491 507 1572 pleniora
530 1490 652 1555 exstant
675 1491 706 1554 et
725 1489 785 1554 duo
802 1509 914 1570 genera
929 1490 1132 1574 ἀπογραφῶν,
1158 1490 1288 1554 alterum
1312 1513 1377 1576 χω·
1477 1537 1479 1548 ,

249 1593 323 1677 ρίων
346 1593 479 1660 alterum
502 1593 618 1671 οἰκιῶν,
652 1591 875 1658 diseernuntur.
922 1592 1019 1672 Quem
1042 1592 1157 1657 iontem
1189 1595 1296 1658 auctor
1318 1595 1375 1660 lex.

252 1697 353 1775 Deam„
377 1715 447 1761 cum
471 1695 649 1760 deflecteret
670 1695 708 1759 ad
732 1696 859 1776 palatas
891 1697 1084 1777 praemature
1109 1697 1251 1775 deseruit,
1284 1717 1375 1779 quam

251 1802 291 1864 ob
313 1819 379 1864 rem
400 1799 623 1864 interciderunt
644 1799 752 1864 verba:
793 1798 975 1882 παρεδίδουν
998 1800 1109 1863 δὲκαὶ
1132 1799 1213 1875 ἐνίας
1236 1799 1377 1878 ἐνδείξεις

251 1903 302 1968 vel
325 1903 393 1967 sim.
440 1902 580 1967 Eundem
612 1905 725 1966 mirum
756 1903 836 1966 inter
858 1902 908 1967 ut.
932 1902 975 1966 M.
999 1905 1030 1966 et
1051 1903 1108 1968 len.
1133 1902 1225 1967 Vind.
1249 1922 1375 1970 censen·
1510 1923 1513 1936 ’

250 2025 321 2070 sum
345 2006 532 2088 eandemque
555 2005 685 2071 duarum
701 2005 874 2089 glossarum
891 2005 1154 2087 perturbationem
1169 2005 1266 2070 altere
1282 2007 1375 2070 etiam

251 2110 319 2174 loco
341 2109 480 2192 repperi:
504 2114 534 2172 ln
557 2109 669 2192 glossis
692 2107 898 2193 ἐπιγνώμονες
924 2109 955 2172 et
978 2108 1168 2193 ἐπιγραφεῐς.

250 2267 300 2329 Et.
324 2266 368 2330 Μ.
394 2267 473 2330 358.
500 2267 531 2330 16
554 2264 761 2348 ἐπιγνώμονες
840 2267 933 2348 Ηοτρ.
960 2265 1040 2348 Ερίί.
1073 2264 1286 2349 ἐπιγνώμονας
1309 2267 1376 2330 ἀντί
1447 2349 1452 2354 ·

249 2369 322 2430 ἀντὶ
333 2376 388 2430 τοῦ
398 2366 599 2443 ἐπισκόπους.
635 2367 790 2452 [tarme-
836 2377 890 2430 τοῦ
908 2367 1097 2443 ἐπισκόπους
1116 2371 1171 2430 καὶ
1186 2368 1376 2454 ἐπιγραφὲας

248 2469 329 2553 φίας
361 2472 432 2544 τοὺς
462 2469 710 2555 καθεστηκότας
741 2471 792 2534 ἐπὶ
835 2474 906 2547 τοὺς
943 2469 1194 2558 καθεστηκότας
1230 2470 1281 2534 ἐπὶ
1321 2482 1375 2535 τοῦ

250 2575 289 2636 τὸ
312 2572 441 2657 γράφειν
465 2573 603 2659 ἑκάστῳ,
638 2575 711 2638 ὅσον
734 2575 791 2650 εἰς·
835 2575 965 2658 γράφειν
983 2573 1123 2660 ἑκάστῳ,
1142 2574 1216 2639 ὅσον
1231 2575 1376 2660 εἰςφίρειν

249 2676 354 2761 φέρειν
387 2677 564 2760 ὀφείλουσιν
597 2678 639 2753 είς
670 2680 705 2740 τὸ
737 2678 791 2763 δη·
836 2677 1013 2760 ὀφείλουσιν
1036 2679 1078 2754 είς
1101 2681 1136 2742 τὸ
1159 2677 1319 2765 δημάσιον.

251 2779 371 2864 μὸσων’
397 2780 425 2902 ,οἱ
441 2775 474 2844 δέ
490 2802 587 2904 ,φασιν
609 2781 792 2906 ewam
838 2835 898 2896 lex.
915 2834 1006 2897 vind.
1024 2854 1053 2916 ρ.
1070 2835 1161 2898 93,4
1184 2832 1269 2895 κατά
1291 2854 1376 2907 τινας

252 2883 331 3006 Q
358 2904 429 2959 τους
452 2883 608 3006 Qum
640 2885 791 3010 mfm'
837 2937 869 2998 δὲ
893 2935 920 2998 οἱ
943 2935 1096 3019 ὁρίζοντες
1119 2937 1173 2997 καὶ
1189 2934 1374 3018 ἐπιγράφον-

250 3007 429 3110 γρῗφοίτας
451 3007 492 3111 τί
514 2985 651 3072 ἐπιτίμια
677 3009 738 3052 των
758 2989 791 3053 ἐν
837 3061 887 3114 τες
917 3040 957 3101 τά
988 3037 1126 3123 ἐπιτίμια
1159 3047 1219 3102 τῶν
1251 3037 1283 3100 ἐν
1306 3046 1375 3111 ταῖς

251 3109 322 3163 παις
345 3088 445 3166 δικαις
468 3089 694 3175 αλισκομένιυν.
836 3141 936 3217 δίκαις
962 3141 1187 3226 ἁλισκομένων.

251 3293 300 3356 Et.
325 3294 366 3358 M.
391 3297 470 3361 358.
493 3297 539 3361 20
551 3295 576 3378 ²)
611 3296 792 3381 ἐπιγραφεῖς
836 3299 875 3360 ib.
901 3316 929 3379 ρ.
957 3297 1046 3360 93.3
1078 3296 1259 3379 ἐπιγραφεῖς
1290 3295 1374 3358 κατά

251 3394 281 3457 οἱ
306 3397 345 3457 τά
368 3396 505 3481 δημόσιοι
527 3397 749 3482 διαγράφοντες
835 3421 919 3474 τινας
952 3399 1006 3483 μὲν
1029 3397 1057 3462 οί
1080 3400 1120 3461 τά
1142 3397 1278 3484 δημόσια
1300 3398 1374 3481 γρά-

835 3522 954 3584 φοντες.

837 3659 897 3720 lex.
916 3658 992 3737 Sep.
1011 3657 1183 3723 11.254.5
1204 3657 1225 3740 ἢ
1247 3655 1374 3738 ἐπιγρα-

251 3755 274 3836 ῆ
298 3753 327 3816 σί
349 3753 501 3838 ὁρίζοντες
523 3759 579 3820 καί
607 3757 791 3842 ἐπιγράφον-
837 3767 905 3840 φεῖς
927 3757 955 3820 οἱ
978 3757 1132 3842 ὁρίζοντες
1162 3759 1217 3820 καί
1248 3755 1373 3840 ἐπιγρά-

252 3877 305 3932 τες
326 3859 382 3933 τὰς
404 3858 543 3942 είςφορὰς
565 3859 703 3945 ἑκάστῳ.
837 3881 947 3944 φοντες
969 3863 1025 3936 τάς
1049 3861 1188 3944 είςφοράς
1210 3859 1346 3944 ἑκάστῳ.

358 4147 383 4206 1)
403 4144 468 4199 Ood.
487 4146 562 4201 Flor.
582 4147 623 4201 ed.
643 4147 734 4201 Miller
751 4163 776 4215 p.
797 4151 844 4201 111
867 4149 997 4203 lacunam
1014 4163 1072 4204 non
1090 4149 1237 4216 signifieat.

354 4233 384 4299 2)
402 4230 468 4286 Col.
481 4233 555 4287 Flor.
571 4234 614 4288 ed.
628 4234 718 4288 Miller
736 4249 761 4301 p.
776 4235 826 4288 120
843 4235 900 4288 lex.
914 4235 995 4289 Vind.
1009 4235 1173 4290 assentitur.
1207 4233 1283 4289 llaec
1300 4236 1374 4290 enim

252 4315 354 4371 habet:
390 4318 415 4369 υί
441 4319 474 4370 τὰ
502 4320 613 4388 δημόσια
637 4321 830 4388 διαγράφοντες
854 4321 1053 4374 &saroterra
1077 4322 1108 4373 δέ
1126 4339 1204 4388 φασιν
1222 4322 1376 4390 ἐπιγραφεὶς

253 4399 318 4453 εἶναι
335 4403 398 4463 τοὺς
413 4405 549 4472 ὁρίζοντας
564 4406 604 4457 καί
624 4407 821 4474 ἐπιγράφοντας
835 4408 868 4458 τὰ
886 4409 1001 4472 ἐπιτίμια
1018 4411 1070 4459 τῶν
1087 4407 1116 4459 ἐν
1133 4410 1192 4465 ταῖς
1215 4407 1300 4466 δίκαις
1323 4407 1375 4457 ἁλι-

251 4503 393 4552 σκυμενων.

1193 4595 1223 4647 2.
