3396 5278
778 517 840 582 103

247 719 337 788 τοῦθ’
373 720 506 804 ἁπλοῦν,
552 721 607 786 ἐὰν
634 721 768 804 ἁπλοῦν,
792 720 847 786 ἐὰν
862 723 920 805 πρὸ
936 729 994 806 τῆς
1012 741 1073 807 uqa
1088 723 1124 784 τὸ
1140 720 1260 806 τίμημα
1276 721 1369 805 ἀργύ-

247 826 304 908 apa
336 833 394 908 τῆς
423 823 457 888 9.
490 845 606 908 πρυτα-
634 824 663 887 9.
696 823 882 908 πρυτανείας
919 825 994 889 ἀπο·
1012 823 1074 908 pitu
1085 825 1111 908 ¹]
1127 824 1223 907 ἐστιν,
1247 824 1371 889 ἀποτιν-

248 925 329 1003 seua
352 926 480 1011 ἐκτείσῃ
495 949 552 1010 τις,
580 928 607 990 εἰ
634 925 735 1010 eosq·
761 929 787 990 εἰ
810 926 845 989 δὲ
868 927 925 1012 μή,
950 927 992 990 δι·
1012 927 1139 1012 νύμενον
1161 927 1292 991 ἁπλοῦν.

246 1029 280 1094 δὲ
303 1032 361 1115 μὴ,
386 1029 561 1096 tentonem.
634 1028 734 1094 πλοῦν
744 1029 992 1114 καταβάλλεται.

349 1235 551 1300 Manifestum
582 1235 629 1300 ost
660 1235 718 1300 hoe
749 1253 867 1317 quoque
899 1235 967 1300 loeo
993 1253 1011 1298 u
1033 1235 1259 1316 lexicographis
1282 1235 1370 1300 nobis

245 1335 322 1401 nihil
353 1338 438 1402 aliud
470 1337 570 1402 offerri
594 1357 687 1420 quam
708 1335 887 1402 Aristotelis
910 1337 1003 1401 uerba
1025 1337 1205 1402 detruncata
1238 1339 1270 1402 et
1299 1356 1368 1400 mu·

245 1439 343 1505 tilata.
401 1441 472 1504 Lex.
498 1442 570 1522 Sug.
593 1440 622 1503 V
649 1459 685 1504 ex
706 1439 950 1522 Harpocratiene
982 1457 1042 1504 non
1065 1439 1198 1520 pendere
1229 1458 1288 1504 non
1311 1440 1369 1521 est,

246 1544 327 1626 quod
351 1543 462 1609 diuam.
517 1544 740 1627 Harpocration
763 1544 830 1626 ipso
853 1543 1023 1608 Aristotele
1053 1543 1097 1607 uti
1121 1544 1175 1625 pot
1200 1543 1233 1622 t,
1264 1545 1369 1609 nostro

245 1647 312 1710 loeo
335 1666 409 1710 num
433 1665 506 1712 usus
530 1647 581 1726 sit,
606 1646 748 1712 dubitare
771 1647 854 1710 lieet.
893 1645 980 1724 Quod
1004 1646 1031 1710 si
1053 1645 1186 1724 fecisset,
1210 1665 1279 1711 eum
1294 1649 1368 1714 Ari-

246 1749 388 1814 stotelem
411 1750 593 1814 nominatim
616 1749 816 1814 laudaturum
840 1749 945 1827 fuisse,
969 1747 1138 1814 ceterorum
1161 1748 1299 1813 locorum
1317 1769 1368 1815 ra-

244 1852 327 1916 tione
351 1852 465 1924 habito.
490 1853 555 1918 rori
570 1853 671 1918 simile
687 1854 744 1918 est.
781 1852 863 1916 Num
881 1853 998 1916 auctori
1020 1852 1109 1916 lexioi
1133 1851 1202 1935 Seg.
1222 1852 1260 1931 V,
1283 1856 1368 1936 quis-

245 1955 312 2036 quis
343 1953 411 2033 luit
445 1956 567 2020 omnino
599 1957 687 2040 eopia
716 1955 808 2020 huius
829 1955 961 2040 insignis
984 1957 1090 2022 auxilii
1114 1955 1279 2022 adhibendi
1301 1958 1386 2031 sues

244 2057 295 2135 rit,
318 2057 408 2122 valde
436 2057 552 2124 dubito.

573 2297 603 2377 r)
639 2299 666 2360 in
692 2297 800 2378 qlossa
823 2271 1068 2381 normas(

347 2447 392 2524 ld,
417 2448 497 2531 quod
521 2447 632 2513 Pollux
654 2447 796 2514 1111199
819 2449 856 2514 de
879 2450 990 2532 poletis
1013 2448 1152 2527 tradidit,
1176 2467 1269 2534 supra
1280 2447 1305 2532 ²)
1328 2448 1368 2513 ud

243 2551 445 2617 Aristotelem
468 2552 571 2634 ipsum
594 2552 711 2631 rettuli,
745 2553 905 2636 inprimis
940 2553 1049 2618 ueteris
1079 2552 1368 2637 lexicographorum

243 2655 318 2720 loeis
343 2655 553 2734 consideratis,
586 2656 639 2738 qui
661 2656 755 2722 verba
777 2655 915 2739 eiusdem
939 2657 1033 2722 fontis
1055 2656 1118 2738 jam
1141 2675 1159 2721 a
1181 2655 1285 2721 neseio
1307 2673 1367 2737 quo

243 2759 402 2823 eontracta
425 2761 457 2821 et
478 2758 650 2841 paullisper
674 2761 795 2823 mutata
817 2779 884 2825 esse
908 2761 1130 2839 demonstrant,
1162 2778 1232 2824 oum
1255 2759 1367 2824 Pollux

243 2862 370 2944 plenum
404 2861 580 2928 contextum
614 2865 684 2926 ante
717 2864 821 2928 oeulos
853 2863 997 2928 habuisse
1028 2864 1178 2928 videatur.
1223 2860 1307 2926 Nam
1329 2862 1366 2926 de

243 2965 478 3048 magistratibus
510 2975 575 3041 τοῖς
609 2965 660 3029 ἐπὶ
691 2968 727 3028 τὸ
754 2966 911 3050 θεωρικὸν
931 2965 1097 3052 ᾑρημένοις
1127 2966 1246 3048 poletas
1278 2963 1367 3046 adju-

242 3069 387 3134 vantibus
420 3071 452 3134 ut
483 3069 520 3133 de
553 3069 640 3133 honis
671 3068 833 3132 hominum
854 3069 887 3132 in
910 3070 1072 3152 Areopago
1096 3068 1367 3134 condemnatorum

241 3173 437 3255 publicandis
468 3174 592 3254 praeter
615 3173 696 3238 hune
718 3191 808 3238 nemo
832 3173 999 3256 quidquam
1024 3172 1288 3251 commemoravit,
1318 3172 1367 3236 tu·
1401 3223 1407 3240 .

241 3295 312 3342 mon
335 3295 433 3360 neque
455 3276 538 3340 inter
562 3294 628 3342 sese
652 3294 751 3359 noque
774 3275 812 3340 ab
835 3275 1005 3340 Aristotele
1029 3275 1123 3340 ueteri
1145 3275 1280 3338 multum
1303 3273 1367 3337 dis·
1475 3279 1478 3285 ’

242 3379 390 3444 sentiunt.

161 3583 293 3654 Aristot.
319 3588 422 3653 47.2
502 3587 598 3669 Hesp.
624 3605 650 3650 s.
674 3604 701 3648 ν.
727 3610 765 3639 =
861 3585 933 3648 Lex.
959 3587 1034 3666 Sep.
1059 3586 1095 3649 V.
1162 3587 1235 3649 lox.
1260 3586 1349 3649 Dum.
1381 3604 1410 3666 p.
1435 3587 1469 3651 14

288 3704 290 3709 ·
525 3671 612 3736 Suid.
636 3672 678 3754 ql.
701 3671 734 3735 2.
909 3672 974 3737 291.
999 3673 1038 3736 17.
1239 3671 1278 3734 od
1302 3672 1321 3752 §
1342 3669 1396 3739 le.

136 3807 284 3894 πωληταὶ
318 3810 358 3874 10
390 3808 445 3896 μέν
479 3807 722 3895 Πωληταί....οἱ
732 3808 788 3892 μὲν
824 3806 1075 3894 Πωλητα1·ἀρχή
1088 3830 1132 3885 τις
1160 3794 1314 3893 Πωλήταὶ
1330 3806 1364 3870 δὲ
1384 3807 1470 3874 ἐστιν

137 3914 209 3996 εἰσι,
229 3912 402 3998 κληροῠται
419 3911 446 3976 δ’
480 3912 627 3999 πωληταὶ
642 3910 727 3996 ἀρχή
743 3909 790 3986 τίς
824 3911 1004 3998 Ἀθήνησίν
1048 3912 1134 3978 ἐστιν
1161 3912 1246 3996 ἀρχὴ
1269 3911 1341 3995 παρ’
1365 3909 1469 3999 Ἀθη·
1547 3995 1552 4003 ¹

138 4017 182 4092 εἷς
201 4015 239 4080 ἐκ
255 4025 313 4101 τῆς
328 4016 442 4101 φυλῆς.
481 4017 565 4080 ἐστιν
612 4014 786 4104 Ἀθήνησι,
825 4015 846 4100 ἡ
884 4024 947 4082 τῶν
978 4017 1135 4103 πωλητῶν
1162 4014 1256 4092 ναίοις
1281 4015 1320 4078 10
1337 4015 1467 4100 ἀνδρῶν,

241 4225 500 4233 -,.--..-.

346 4371 372 4442 1)
391 4375 451 4429 eud.
473 4372 608 4442 ἀργυρίου.

343 4458 373 4529 2)
391 4475 417 4528 p.
437 4461 478 4515 tl.
563 4483 564 4490 ν
