3408 5276
718 545 830 634 'eu

243 774 424 857 certumque
448 773 602 858 judicium
625 774 663 840 de
687 775 826 842 Pollucis
848 776 971 858 iugenio
994 775 1099 842 faciat.
1142 774 1285 842 Vidimus
1308 794 1369 841 non

243 878 335 942 nimis
356 877 462 960 inique
484 897 503 943 a
526 877 700 962 StoJentino
714 875 738 962 ¹)
768 879 944 964 Judioatum
976 897 1041 944 osse
1067 878 1187 944 dicento
1208 873 1369 945 Pollucem

243 980 343 1064 magis
366 981 485 1046 scribae
508 999 601 1063 quam
620 981 781 1064 scriptoris
797 1001 923 1048 munere
938 982 1080 1047 functum
1095 1000 1172 1048 esse.
1211 981 1368 1064 Expressa

241 1101 346 1148 rerum
364 1083 535 1148 Atticarum
560 1085 756 1167 publIcarum
781 1087 930 1150 memoria
954 1086 1129 1150 hominibus
1146 1087 1178 1151 ΙΙ.
1197 1103 1228 1168 p.
1245 1084 1320 1150 One.
1337 1105 1367 1152 n.

242 1188 359 1250 sacculi
389 1189 451 1269 jam
487 1206 548 1252 non
582 1191 653 1252 ante
690 1189 803 1252 oculos
828 1189 1019 1253 vorsabatur.
1063 1186 1111 1252 De
1143 1187 1255 1270 quibus
1277 1189 1369 1254 robus
1496 1183 1503 1192 “

242 1306 453 1371 quaecumque
474 1289 524 1354 illi
545 1289 686 1354 homines
711 1290 814 1355 sciunt
836 1290 890 1354 aut
905 1308 937 1355 se
960 1291 1038 1354 scire
1060 1289 1217 1369 1111111111Ἰ
1242 1309 1259 1355 e
1281 1289 1369 1356 libris

242 1393 366 1476 experta
380 1393 504 1470 hubent,
530 1411 546 1457 e
569 1394 635 1459 suis
659 1390 738 1457 nihil
759 1393 820 1475 ipsi
844 1393 971 1458 addunt.
1011 1393 1061 1456 Ita
1074 1391 1186 1458 Pollux
1208 1411 1240 1458 se
1261 1395 1367 1478 gessit,

240 1514 338 1579 neque
361 1495 451 1562 aliter
461 1497 697 1580 Harpocration,
720 1497 781 1561 nisi
804 1497 886 1578 quod
907 1496 958 1562 hle
980 1497 1070 1562 illum
1092 1495 1152 1562 fide
1174 1499 1266 1580 atquc
1288 1500 1368 1564 veri-

240 1599 306 1663 tato
327 1617 513 1683 magnopere
538 1601 672 1681 superat.
718 1597 789 1664 Non
813 1601 915 1665 solum
936 1599 1036 1670 fontes
1060 1619 1131 1666 suos
1153 1599 1276 1666 disertis
1299 1619 1368 1665 ver·-

242 1702 288 1766 bis
321 1703 510 1782 nominavit,
544 1703 598 1768 sed
630 1702 724 1768 etiam
757 1703 852 1768 verba
884 1722 989 1769 eorum
1018 1701 1140 1768 fidelius
1171 1704 1307 1768 seruauit
1337 1706 1369 1770 et

240 1804 384 1870 reddidit.

343 1908 450 1973 Altera
487 1927 559 1974 uero
598 1907 798 1993 Stojentinil)
847 1909 1000 1975 sententia
1045 1909 1152 1976 libello
1188 1910 1367 1977 Aristotelis

239 2009 359 2091 reperto
392 2029 453 2076 non
482 2011 703 2092 comprobatur
725 2010 927 2093 Pamphilum
949 2012 999 2077 vel
1020 2011 1111 2078 huius
1134 2013 1367 2096 epitomatorem

239 2111 402 2178 Vestinum
425 2113 552 2178 unicum
575 2113 713 2179 Pollucis
744 2115 776 2179 in
806 2113 887 2180 libro
909 2114 987 2179 VIII
1009 2116 1228 2182 conscribendo
1250 2117 1367 2182 fontem

239 2214 345 2280 luisse.
397 2217 470 2282 Jam
504 2235 586 2282 nunc
620 2217 756 2300 apparet,
791 2217 874 2300 quod
895 2219 987 2296 infra,
1019 2236 1116 2302 spero,
1151 2219 1246 2284 etlam
1266 2221 1367 2303 magis

239 2317 384 2397 elucebit,
416 2319 618 2386 Aristotelem
641 2321 673 2384 ct
694 2319 964 2404 Atthidographos
987 2321 1019 2386 at
1039 2320 1158 2386 lexicon
1179 2322 1368 2387 rhetoricum

240 2421 339 2487 fontes
355 2420 548 2488 Onomastici
571 2422 676 2488 fuisse.
721 2422 837 2488 Eadem
861 2441 932 2506 ergo
955 2423 1266 2504 componendiratio,
1290 2442 1367 2506 quae

238 2524 347 2588 ceteris
370 2523 459 2590 libris
483 2544 501 2589 a
523 2525 598 2590 viris
623 2525 723 2590 doctIs
747 2525 945 2607 comprobata
974 2525 1031 2605 est,
1053 2526 1158 2592 ‘edam
1187 2526 1219 2591 in
1251 2527 1366 2592 librum

238 2628 382 2692 octauum
415 2627 509 2692 cadit.
562 2627 613 2692 Ad
645 2629 816 2694 tractatum
847 2628 885 2693 de
910 2629 1051 2712 partibus
1073 2630 1207 2712 corporis
1229 2629 1366 2704 humani,

237 2730 291 2812 qui
312 2730 391 2795 libro
407 2731 504 2796 altero
521 2729 574 2816 (ἐξ
591 2729 758 2813 22-226)
775 2733 957 2811 continetur,
980 2735 1101 2814 praeter
1117 2732 1189 2798 Rufi
1203 2733 1331 2816 Ephein
1342 2733 1366 2816 ³)
1448 2797 1450 2801 .

237 2835 307 2916 περὶ
329 2832 496 2920 ὀνομασίας
516 2841 577 2898 τῶν
600 2843 656 2898 τοῦ
673 2832 845 2920 ἀνθρώπου
863 2833 974 2920 μορίων
995 2835 1133 2901 tabulam
1148 2834 1366 2900 medloinalem

236 2935 346 3000 incerti
378 2937 510 3002 auctoris
546 2937 577 3002 et
608 2936 804 3002 definihoncs
836 2936 972 3001 medIcas
994 2955 1039 3020 ps.
1063 2936 1173 3003 Geloni
1195 2938 1227 3002 ot
1247 2937 1365 3002 lexicon

236 3037 425 3106 rhetoricum
442 3059 461 3105 a
477 3039 604 3104 Polluce
627 3041 777 3126 usurpata
801 3059 869 3104 esso
891 3039 956 3104 veri
971 3040 1073 3105 simile
1097 3040 1190 3125 est⁴).
1227 3039 1305 3106 Cum
1329 3039 1365 3106 de

237 3161 269 3204 re
293 3143 431 3224 equestri
454 3142 494 3226 (I.
521 3141 704 3226 rel-220)
729 3142 912 3224 disputaret
947 3161 1007 3208 non
1029 3142 1131 3208 solum
1153 3143 1365 3225 Xenophontis

237 3246 522 3325 commentationes,
554 3265 633 3328 quae
664 3246 724 3311 hue
760 3245 913 3328 spectant,
945 3246 999 3310 sed
1028 3246 1125 3312 etiam
1155 3247 1221 3310 eius
1248 3247 1364 3311 fontem

237 3351 338 3429 ipsum
361 3348 520 3415 Simonem
544 3348 777 3428 Atheniensem,
811 3349 863 3431 qui
895 3350 965 3413 ante
988 3347 1224 3431 Xenophontem
1248 3348 1286 3413 de
1307 3349 1365 3413 hac

236 3471 269 3515 re
292 3453 456 3535 scripserat
478 3454 509 3519 et
532 3453 570 3517 ab
595 3453 652 3518 hoc
674 3451 820 3517 laudatus
844 3453 911 3516 erat
932 3452 1014 3536 (accpi
1037 3451 1167 3537 ἱππικῆς
1197 3452 1223 3517 Ι.
1249 3454 1292 3536 1),
1315 3453 1364 3516 in·

238 3555 432 3641 spicicbatl).
477 3557 569 3621 Libro
595 3556 638 3620 IV
667 3555 698 3638 (ᾗ
721 3554 889 3638 52-154)
923 3553 1192 3620 commentariolus
1215 3553 1252 3618 de
1273 3555 1364 3619 rebus

238 3657 363 3723 musicis
385 3661 417 3724 et
439 3659 568 3725 scenicis
593 3660 727 3724 insertus
752 3658 808 3738 ost,
834 3676 925 3740 quem
948 3657 1084 3740 plurima
1106 3675 1141 3721 ex
1162 3657 1249 3739 parte
1273 3657 1363 3723 adu-

340 3967 529 4035 nllps

340 4054 369 4121 2)
386 4054 403 4106 1.
422 4054 439 4106 1,
459 4068 484 4122 p.
503 4054 545 4109 89.
564 4055 607 4110 90.
1106 4077 1109 4083 ·

337 4138 363 4204 3)
383 4139 424 4193 ed.
445 4138 519 4193 Guil.
539 4138 646 4194 Glisch.
689 4139 774 4193 hond.
795 4139 872 4193 1726.
891 4153 916 4207 p.
935 4137 1099 4192 aro-655*

338 4223 365 4289 4)
385 4225 418 4279 cf.
436 4225 486 4278 Ed.
505 4225 639 4288 Zarncke,
667 4224 821 4293 symbolae
848 4225 883 4280 ad
910 4222 980 4278 Julii
1001 4223 1125 4277 Pollucis
1150 4223 1304 4278 tractatum
1330 4221 1365 4276 de

237 4308 363 4374 partibus
382 4311 509 4377 corporis
527 4309 652 4366 humaui.
690 4311 754 4378 hpu.
777 4311 849 4365 1884.
868 4309 953 4379 1115.

338 4393 419 4454 5111.
449 4393 480 4448 R.
505 4394 658 4460 Michaelis,
694 4396 728 4450 da
758 4395 828 4450 iulii
861 4395 986 4450 Pollucis
1015 4395 1116 4449 studiis
1146 4393 1363 4461 Xenophonteis.

237 4475 401 4533 1111111876
423 4493 448 4546 p.
471 4481 510 4534 17.

1162 4580 1192 4636 a*
