3408 5276
790 540 833 605 69

247 763 365 810 merare
390 745 513 810 desinat
534 744 565 808 el
587 743 705 808 eisdem
725 744 817 825 alque
832 742 1017 807 Aristoteles
1033 741 1134 806 verbis
1149 741 1238 806 illam
1252 741 1372 824 partem

247 847 391 912 claudat:
415 848 471 909 καί
486 845 603 928 τᾶλλα,
629 846 688 907 ὅσα
705 853 768 920 τοῖς
787 845 893 920 ἀστοῖς
912 844 928 906 ὁ
944 845 1060 929 ἄρχων,
1085 844 1175 919 οὗτος
1190 852 1255 918 τοῖς
1271 841 1372 928 μετοί-

248 971 316 1026 κοις
338 948 511 1034 παρέχεται
535 949 572 1013 cf.
596 949 726 1013 Aristot.
750 946 801 1012 58.
828 948 848 1010 3
871 949 926 1010 καὶ
948 944 1040 1010 τᾶλλ’
1063 946 1123 1008 coa
1146 955 1210 1022 τοῖς
1232 943 1373 1020 πολίταις

247 1053 397 1136 ὁᾶρχων,
422 1060 524 1114 ταῦτα
539 1061 604 1126 τοῖς
622 1049 774 1136 μετοίκοις
797 1049 814 1112 ὁ
829 1049 1041 1135 πολέμαρχος.
1083 1049 1178 1114 Porro
1194 1066 1255 1113 non
1273 1048 1372 1113 solum

247 1155 307 1219 lex.
331 1154 402 1238 Sag.
427 1153 469 1219 V.
493 1155 601 1220 eodem
634 1173 797 1220 causarum
821 1154 945 1218 delectu
968 1154 1146 1219 contentum
1169 1155 1247 1234 erat,
1282 1171 1373 1234 quem

247 1258 433 1323 Aristoteles
449 1258 578 1340 primus,
602 1258 751 1341 quantum
774 1257 898 1337 scimus,
916 1257 1040 1336 iecerat,
1064 1255 1117 1321 scd
1133 1256 1228 1321 etiam
1241 1255 1372 1320 Photius

248 1387 289 1416 =
313 1359 399 1425 Suid.
432 1361 476 1443 gl.
510 1361 538 1424 l.
570 1361 601 1425 ei
632 1360 781 1442 Harpoor.
815 1380 838 1424 s
869 1345 898 1424 ν.
930 1357 1082 1444 ἡγεμονία
1105 1357 1307 1444 δικαστηρίου
1331 1385 1371 1414 =

247 1461 335 1528 Suid.
358 1463 401 1546 gl.
425 1462 493 1543 2¹),
524 1465 576 1546 qui
607 1484 705 1546 neque
727 1465 809 1528 inter
832 1483 898 1529 sese
921 1482 1019 1546 neque
1042 1481 1113 1528 cum
1135 1463 1232 1527 lexico
1255 1461 1374 1544 Segus—

247 1567 335 1632 riano
359 1566 395 1628 V.
420 1567 594 1632 concinunt.
649 1565 843 1648 Quamquam
874 1567 956 1631 enim
978 1565 1130 1630 breviores
1154 1565 1236 1641 sunl,
1268 1566 1373 1628 tamen

247 1672 352 1754 aliqua
382 1689 399 1735 c
430 1671 517 1752 pario
548 1670 625 1735 alias
658 1688 766 1734 causas
799 1689 834 1734 ac
864 1669 923 1733 lex.
957 1669 1026 1750 Seg.
1051 1667 1086 1735 V.
1118 1667 1285 1752 elegerunt,
1319 1667 1373 1732 sed

247 1776 374 1856 excepta
397 1793 490 1838 causa
512 1773 639 1860 ὕβρεως,
674 1793 767 1856 quam
798 1793 859 1838 una
890 1793 961 1838 cum
986 1773 1044 1838 lex.
1069 1771 1138 1854 Seg.
1162 1772 1199 1836 V.
1223 1771 1371 1848 inserunt,

247 1879 271 1941 ii
302 1895 421 1959 quoquo
452 1877 486 1940 in
519 1876 620 1941 causis
643 1876 840 1941 Arislotelcis
872 1876 1080 1958 acquiescunt.
1129 1874 1267 1957 Denique
1290 1873 1373 1952 ordo,

247 1999 308 2062 quo
331 1979 410 2045 alius
434 1983 546 2045 archon
569 1980 665 2045 alium
689 1979 830 2061 excipiat,
854 1979 936 2044 idem
959 1979 1060 2043 exstat
1075 1977 1156 2061 apud
1173 1978 1373 2044 Arisloielom

248 2084 280 2148 et
302 2083 585 2164 Harpocrationem,
614 2081 696 2146 idem
721 2100 840 2164 quoque
862 2083 895 2146 in
917 2082 975 2146 lex.
999 2081 1070 2165 Sog.
1094 2079 1132 2146 V.
1156 2082 1188 2147 et
1209 2080 1373 2159 Phoiiano‚

250 2185 414 2251 dummodo
445 2185 478 2249 in
510 2185 567 2250 hoc
588 2185 685 2250 lexico
708 2184 847 2268 legistas,
879 2185 1114 2262 undecimviros
1149 2186 1313 2268 strategos,
1342 2186 1373 2250 in

249 2288 304 2352 illo
326 2288 465 2372 legistas,
490 2287 726 2368 undecimviros,
749 2287 908 2362 diastolas
932 2288 1221 2370 quadragintaviros
1238 2290 1268 2352 ei
1283 2289 1373 2370 quin-

249 2393 417 2476 gentiviros
441 2385 574 2457 deducas
598 2394 630 2458 et
653 2391 815 2475 sejungas:
848 2391 959 2457 archon
982 2409 1160 2476 eponymus‚
1192 2410 1253 2470 rex,
1286 2392 1373 2475 polc-

249 2495 402 2574 marchus,
435 2495 671 2560 lhesmothctae.
725 2492 809 2573 Quae
840 2513 889 2559 res
921 2513 992 2559 cum
1013 2494 1059 2559 ica
1085 2512 1118 2558 se
1139 2493 1286 2572 habeant,
1317 2495 1373 2562 hoo

247 2600 322 2680 puto
353 2599 422 2662 luce
454 2599 567 2663 clarius
596 2597 710 2662 elocis
734 2597 797 2661 illis
821 2598 1007 2680 comparatis
1029 2598 1151 2680 palere:
1196 2597 1371 2681 Harpocra-
1385 2620 1429 2646 *v-

247 2700 381 2779 tionem,
414 2700 579 2777 Phocum,
610 2703 728 2768 lexicon
762 2701 833 2783 Seg.
859 2701 896 2766 V.
928 2702 986 2768 hoc
1015 2702 1082 2768 loco
1114 2721 1213 2784 neque
1245 2701 1371 2768 alonte

248 2803 415 2868 Aristotele
439 2822 510 2868 cum
533 2805 705 2888 antiquiore
727 2811 795 2872 ium
817 2804 956 2870 uben'oro
980 2823 1078 2887 oeque
1095 2791 1138 2868 'cx
1159 2805 1227 2886 ipso
1250 2805 1371 2870 Aristo·

248 2906 308 2971 tole
331 2907 481 2982 hausisse,
515 2907 568 2972 sed
591 2927 630 2973 ex
656 2911 758 2974 lexico
782 2907 928 2990 quodam,
961 2909 990 2970 in
1014 2926 1076 2989 quo
1097 2909 1159 2990 jam
1184 2909 1370 2973 Aristoteles

248 3015 357 3076 auctus
390 3016 421 3074 ol
453 3013 662 3094 amplificatus
693 3011 836 3076 exstaret.
881 3009 967 3089 Quae
990 3010 1093 3073 omnia
1123 3010 1244 3090 melius,
1277 3029 1371 3092 quam

247 3113 312 3179 ulla
334 3113 428 3179 verba
450 3114 579 3195 possint,
607 3114 714 3179 tabula
736 3113 860 3180 docebis
881 3114 961 3179 infra
981 3113 1164 3196 subscripta.

331 3254 406 3336 πρὸς
429 3253 483 3314 τὸν
504 3252 644 3336 ἄρχοντα
666 3250 881 3336 λαγχάνονται
903 3253 1021 3334 γραφαὶ
1044 3251 1078 3314 δὲ
1101 3253 1157 3314 καί
1178 3250 1282 3314 δίκαιε

137 3410 267 3476 Ανίοίοί.
297 3410 352 3474 56.
377 3410 407 3472 6.
472 3407 548 3472 Lex.
564 3406 640 3487 Sep.
658 3406 696 3470 V.
714 3408 784 3470 elo.
804 3408 826 3470 Ι.
849 3407 936 3470 suot.
948 3426 976 3472 s.
989 3425 1019 3510 ν.
1031 3405 1128 3490 ἡγεμ.
1142 3403 1202 3471 δικ.
1220 3405 1390 3510 Harpen
1403 3407 1498 3492 ἡγεμ,
1512 3409 1575 3472 δικ,

92 3582 268 3656 κακώσεως
289 3581 405 3665 γονέων
471 3575 643 3651 κακώσεως
678 3577 734 3639 καὶ
766 3583 842 3760 τῶν,
890 3536 929 3548 -
954 3491 1044 3558 sno.
1071 3494 1113 3574 91.
1137 3494 1159 3556 Ι.
1256 3535 1296 3548 -
1320 3493 1407 3557 Suud.
1432 3496 1473 3576 pi.
1499 3497 1532 3561 2.

534 3678 650 3764 γονέων

204 3838 219 3865 „
286 3786 425 3869 ὀρφανῶν
471 3785 526 3846 καί
549 3790 610 3845 τῶν
632 3782 773 3865 ὀρφανῶν
839 3765 841 3866 ί
977 3789 1039 3844 τῶν
1062 3782 1203 3866 ὀρφανῶν
1352 3793 1414 3847 τῶν
1436 3765 1587 3870 ὀρφανῶν

250 3987 506 4000 —ffl-fi-—a

354 4125 378 4191 l]
405 4125 454 4193 Ap.
474 4124 562 4179 schol.
580 4123 680 4178 Aesch.
699 4123 744 4177 ΠΙ.
766 4122 806 4177 14.
824 4123 947 4177 frustula
964 4124 1074 4178 tantum
1095 4123 1255 4177 miserrima
1271 4122 1372 4190 plenae

249 4209 363 4278 glossae
380 4211 521 4278 logumtnr,
540 4210 597 4263 lex.
610 4209 675 4276 seg.
689 4209 721 4263 V.
735 4210 794 4264 262.
807 4210 840 4262 21
860 4209 1079 4276 explicationem
1097 4209 1223 4263 breviter
1239 4208 1370 4264 instituit.

248 4297 291 4351 lla.
310 4297 344 4352 M.
363 4297 422 4352 418.
441 4295 475 4351 29
487 4359 488 4362 ¹
502 4296 605 4350 lemma
623 4296 716 4349 solum
734 4297 876 4360 servavit;
904 4309 976 4362 quae
995 4296 1079 4359 addit,
1106 4308 1199 4363 nugae
1222 4295 1295 4348 sunt.
1340 4293 1370 4347 ln
1428 4331 1436 4338 -

249 4381 305 4435 lex.
325 4381 388 4449 seg.
407 4381 453 4435 lv.
473 4381 531 4436 189.
550 4381 583 4434 22
610 4381 663 4435 sub
691 4381 791 4435 eodem
817 4381 900 4435 titulo
922 4381 1063 4448 particula
1079 4381 1197 4434 minima
1214 4379 1371 4434 officiorum

249 4467 392 4522 archontis
410 4468 485 4533 regis
503 4467 636 4521 redditur.
