3408 5276
784 560 820 622 17

236 763 342 845 Magn.
365 779 485 842 semper
509 779 544 825 ex
565 761 633 843 ipso
656 761 713 826 lex.
738 761 806 845 Seg.
829 764 867 828 V.
891 763 1101 845 descripsisse.
1147 764 1276 848 Saepius
1299 787 1359 832 non

235 867 294 930 hoc
316 865 431 930 lexicon
455 865 557 945 ipsum
582 865 634 928 scd
658 865 775 930 fontem
798 867 863 930 eius
886 868 918 930 in
941 853 1224 933 manibushabuit.
1271 869 1358 949 Quod

235 971 353 1034 laetum
376 987 442 1033 esse
464 968 586 1033 videtur
617 970 649 1032 in
671 970 797 1034 vocibus
820 969 1002 1054 πρυτανεία,
1037 971 1134 1054 σανίς,
1167 970 1359 1056 Ἑλληνοτα-

236 1072 316 1158 μίαι,
340 1071 409 1136 aliis
432 1071 631 1154 explicandis.

339 1175 399 1241 Sed
429 1175 478 1240 his
509 1176 621 1258 glossis
643 1174 840 1258 perlustratis
862 1185 966 1241 tamen
990 1177 1162 1259 permultae
1185 1186 1359 1262 supersunt,

236 1295 315 1361 quae
337 1278 462 1345 aliunde
484 1279 635 1362 originem
658 1297 745 1344 suam
769 1279 903 1345 ducunt:
927 1299 963 1344 ex
985 1281 1237 1362 Harpocrationis
1261 1282 1360 1360 λέξεις

236 1391 299 1447 τῶν
315 1381 393 1445 δέκα
409 1382 560 1469 ῥητόρων,
586 1401 676 1465 quem
692 1382 807 1448 librum
822 1402 882 1448 non
898 1383 1005 1462 talem,
1027 1385 1150 1466 qualem
1173 1386 1205 1449 in
1225 1385 1359 1451 editione

235 1485 436 1552 Dindorfiana
450 1487 593 1570 legimus,
616 1487 768 1566 adhibuit,
792 1487 848 1552 sed
866 1488 1045 1552 mutilatum
1068 1489 1099 1552 et
1122 1487 1160 1553 ad
1183 1490 1356 1554 breviorem

234 1592 367 1657 sormam
389 1591 559 1668 redactum,
592 1591 838 1669 auctoritatibus,
865 1611 941 1674 quas
964 1592 1198 1674 lexicographus
1222 1593 1359 1674 adserip-

236 1696 336 1774 serat‚
373 1694 437 1759 fere
474 1713 594 1776 semper
630 1695 766 1760 resectis.
833 1693 932 1774 Quem
970 1696 1027 1759 viri
1065 1693 1147 1760 docti
1183 1695 1358 1776 Harpocra-

234 1799 330 1864 tinnis
361 1798 516 1880 epitomen
540 1799 696 1863 nominare
720 1798 828 1863 solent.
882 1799 953 1865 Jam
978 1819 1070 1883 supra
1093 1819 1122 1881 p.
1151 1800 1189 1861 l‘l
1217 1799 1276 1864 duo
1299 1799 1360 1863 loci

236 1902 469 1967 commemorati
500 1903 589 1978 sunt,
623 1921 752 1984 quorum
784 1903 862 1967 alter
893 1901 979 1986 (354.
1003 1901 1045 1964 32
1068 1902 1250 1986 ἐπενεγκεῖν
1273 1900 1359 1986 δόρυ)

235 2007 330 2084 totus,
354 2005 431 2070 alter
453 2004 539 2087 (784.
557 2005 600 2067 40
622 2005 798 2090 ὑπωμοσία)
821 2005 936 2089 maj0re
958 2025 994 2070 ex
1017 2009 1104 2088 parte
1127 2026 1163 2070 ex
1185 2006 1360 2088 Harpocra-

175 2109 178 2114 ’
235 2109 329 2176 tionis
362 2109 497 2190 epitome
528 2107 625 2173 fluxit.
678 2109 736 2173 His
760 2128 839 2174 nune
863 2110 940 2173 alios
964 2109 1076 2174 addere
1099 2111 1210 2175 liceat:
1241 2109 1292 2174 llt.
1317 2109 1359 2173 M.

235 2211 362 2276 344.25
385 2212 418 2275 ἐν
441 2211 616 2296 Φρεατοῖι)
641 2213 714 2276 349.
727 2213 770 2275 40
793 2212 959 2297 ἐξωμοσία.
985 2215 1058 2277 355.
1076 2213 1118 2276 35
1152 2212 1360 2298 ἐπεσκήψατο

235 2315 309 2379 358.
334 2316 376 2377 56
399 2316 450 2377 ἐπί
472 2314 624 2398 Δελφινίῳ
637 2315 674 2394 ²).
705 2316 837 2380 35917
860 2315 1010 2392 ἐπιδίετες
1031 2317 1150 2402 ἡβῆσαι
1161 2316 1199 2400 ⁸).
1224 2316 1297 2380 359.
1317 2315 1359 2378 26

236 2418 420 2500 ἐπίδικος“).
464 2417 537 2481 369.
562 2418 583 2479 9
605 2417 799 2504 ἐπιμελητὴς
821 2427 883 2482 τῶν
906 2418 1095 2504 μυστηρίων.
1143 2417 1215 2482 362.
1239 2421 1281 2481 54
1308 2417 1360 2480 ἐπί

236 2520 420 2606 πρυτανείῳ.
463 2521 535 2588 693.
559 2523 601 2586 53
623 2521 795 2605 πρυτάνεις.
833 2521 907 2586 733.
934 2523 972 2586 15
995 2521 1186 2607 σύγκλητος.
1226 2520 1300 2585 734.
1318 2519 1359 2582 22

237 2623 390 2711 (triplicia.
438 2625 509 2688 768.
544 2627 560 2688 l
599 2625 830 2709 τριτοπάτορες.
876 2625 950 2691 788.
982 2624 1024 2688 50
1061 2625 1164 2710 φάσις.
1211 2625 1283 2690 795.
1320 2623 1360 2687 19

235 2726 333 2811 φιμοί.
380 2727 453 2791 799.
478 2725 520 2791 28
551 2727 712 2812 φράτορες.
759 2728 833 2794 802.
860 2729 899 2793 19
930 2727 1102 2814 φύλαρχος.
1149 2728 1242 2793 Hunc
1263 2727 1360 2808 scrip-

234 2834 334 2896 torem
365 2831 414 2918 liis
445 2831 587 2896 omnibus
619 2832 695 2896 locis
727 2831 918 2897 adverbum
952 2834 984 2896 in
1017 2851 1093 2914 opus
1120 2850 1210 2897 suum
1232 2831 1357 2913 recepit,

237 2933 491 3015 explicationibus
518 2935 641 2998 tantum
671 2936 882 3016 grammaticis
915 2935 964 2999 vel
995 2934 1207 3018 etymologiais
1239 2952 1275 2997 cx
1297 2933 1359 2997 alie

237 3037 474 3102 armamentario
495 3037 673 3120 assumptis.

339 3141 447 3224 Neque
469 3139 559 3205 aliter
581 3159 613 3205 se
636 3141 741 3224 gessit,
774 3139 855 3223 quod
877 3142 916 3205 ad
939 3140 1087 3205 Photium
1115 3141 1235 3218 attinet,
1268 3159 1359 3222 quem

236 3244 421 3310 nominatim
435 3243 542 3308 laudat
552 3243 598 3326 ⁶i³
622 3263 652 3324 p.
668 3243 742 3307 540.
752 3243 803 3322 24,
828 3243 901 3307 529.
913 3243 964 3321 55,
987 3243 1060 3308 613.
1072 3243 1102 3321 6,
1127 3242 1199 3306 418.
1217 3243 1267 3304 55.
1303 3241 1359 3304 Se-

236 3467 493 3476 ...ο-ψ-

342 3631 367 3690 ι)
387 3623 453 3678 σοι.
472 3623 545 3677 uror.
574 3621 724 3676 1111111111
751 3636 776 3688 p.
798 3622 846 3675 xrs
872 3621 976 3675 riorum
999 3620 1185 3687 uneopnrasn
1209 3607 1235 3678 ξῑ
1261 3633 1312 3686 pro
1336 3603 1363 3676 ῖς

236 3715 368 3862 ΜΝΞ)
388 3796 454 3850 Ood.
472 3796 546 3850 Flor.
570 3795 612 3849 ed.
631 3793 722 3847 Miller
747 3808 773 3860 p.
794 3793 844 3846 120
869 3795 935 3861 post
954 3789 1019 3844 Σίνιν
1047 3792 1124 3846 addit
1151 3791 1192 3842 καὶ
1220 3793 1271 3842 τῶν
1294 3785 1362 3840 Πολ-

237 3883 372 4035 λανπδυζ)
388 3967 419 4022 ln
437 3967 497 4022 eod.
516 3967 590 4020 Flex.
612 3965 654 4020 ed.
673 3964 764 4019 Miller
791 3980 817 4033 p.
838 3966 888 4020 120
914 3965 989 4019 sient
1015 3964 1089 4032 apud
1105 3961 1359 4030 Harpocrationam

236 4054 343 4121 legitur
361 4053 611 4111 ὀκτωκαιδεκαετεῖς.

341 4139 370 4206 4)
388 4138 454 4192 Οοιί.
469 4138 542 4193 rior.
556 4140 598 4192 ed.
612 4138 738 4206 Millerp.
753 4139 815 4192 120:
843 4135 962 4190 Λοσίαιον
979 4153 1031 4205 pro
1051 4134 1173 4202 Λυσιβιον
1191 4137 1237 4192 vel
1256 4131 1360 4188 Λυσίαν.

342 4224 367 4290 5)
388 4222 427 4277 Cf.
437 4223 530 4278 Naber
539 4225 663 4291 prolegg.
674 4238 699 4291 p.
713 4225 768 4278 171.
781 4223 919 4287 Wentnel,
929 4222 1121 4289 Sitnungsbar.
1132 4224 1182 4277 der
1191 4223 1264 4278 Berl.
1275 4223 1360 4278 Aead.

240 4309 307 4364 1895
324 4324 349 4377 p.
367 4310 420 4364 485
438 4311 594 4392 asseverat,
621 4325 719 4364 omnes
746 4310 799 4364 hos
825 4311 903 4363 loeos
921 4323 979 4363 non
997 4309 1032 4364 ad
1049 4309 1227 4375 patriarchae
1244 4307 1359 4363 lexicon

237 4397 376 4461 spectare,
394 4395 445 4448 scd
461 4395 620 4462 fragmenta
637 4396 758 4449 aliorum
775 4395 912 4450 librorum
926 4393 1131 4450 Plotianorum
1149 4395 1277 4462 dispersa
1288 4407 1361 4456 esse,

238 4481 327 4534 variis
344 4481 436 4535 modis
453 4482 483 4535 iu
500 4481 543 4535 Et.
562 4481 596 4535 ld.
615 4482 701 4536 illata.

1192 4589 1207 4641 2
1242 4633 1244 4637 .
