3408 5276
886 503 928 602 aa

344 745 428 829 Chr.)
461 746 521 808 ὅσα
548 745 668 820 ἐντοῖς
691 742 825 828 μέρεσιν,
860 743 1090 828 ἀνεγίγνωσκεν
1112 744 1150 807 ἐκ
1174 753 1228 807 τοῦ
1250 743 1368 830 βιβλίου
1383 743 1408 828 ι)
1439 746 1471 809 et

343 851 466 916 nostrae
499 849 679 924 sententiae,
713 848 914 911 Aristotelem
945 848 976 911 in
1009 848 1066 912 lrac
1096 851 1184 930 parte
1211 847 1371 930 elogibus
1394 849 1470 929 ipsis

344 951 483 1034 pendere,
508 952 639 1016 maxime
663 951 756 1015 leret.
801 948 868 1028 Quo
890 950 1010 1016 accedit
1032 951 1110 1015 alter
1131 951 1217 1015 locus
1240 949 1327 1014 43.6
1348 967 1367 1014 a
1389 949 1470 1014 Fou-

343 1055 475 1137 cartio²)
501 1055 635 1132 notatus,
668 1054 720 1118 ubi
743 1053 887 1118 similiter
911 1055 1109 1120 Aristotelem
1133 1054 1171 1118 ab
1194 1053 1311 1120 usitata
1334 1054 1470 1118 oratione

343 1158 515 1240 discrepare
540 1157 689 1222 ridemus.
735 1157 810 1222 Dico
835 1159 873 1220 dc
889 1158 991 1222 verbis
1014 1155 1083 1240 τρία
1099 1156 1188 1241 ἱερῶν
1202 1155 1449 1241 χρηματίζειν..
1463 1206 1469 1218 .

344 1259 412 1345 τρία
435 1261 469 1322 δὲ
484 1259 577 1324 ὁσίων
600 1279 654 1342 pro
670 1258 739 1342 τρία
762 1262 857 1344 περί
881 1259 969 1345 ίερῶν
992 1259 1198 1345 χρηματίζειν
1214 1307 1220 1322 .
1238 1308 1244 1322 .
1262 1307 1268 1322 .
1284 1258 1354 1342 τρία
1376 1262 1471 1342 περί

344 1364 436 1435 ὁσίων
459 1365 577 1447 positis,
611 1383 689 1446 quae
720 1382 780 1429 non
812 1363 1036 1447 intelleguntur
1059 1365 1118 1428 nisi
1141 1384 1158 1430 e
1180 1382 1318 1429 sermone
1340 1363 1471 1446 inscrip-

343 1468 473 1532 tionum.
529 1466 685 1548 Exemplis
713 1465 917 1534 aFoucartio
950 1467 1088 1531 collectis
1111 1467 1202 1548 plura
1224 1466 1337 1530 addere
1361 1485 1470 1547 possu-

343 1590 423 1650 mus,
446 1589 523 1653 quae
547 1569 809 1652 Meisterhanns³)
842 1569 879 1634 de
910 1569 968 1634 hac
998 1588 1031 1632 re
1054 1569 1219 1652 congessit.
1264 1569 1365 1634 Huius
1387 1569 1470 1634 modi

342 1691 440 1756 genus
472 1673 592 1738 dicendi
624 1673 706 1754 apud
728 1673 932 1738 Aristotelem
956 1674 1181 1756 plrlloroplrum
1204 1673 1320 1738 frustra
1342 1691 1469 1756 quaeres

342 1794 439 1859 nequo
461 1795 606 1857 quaerere
637 1775 738 1853 debes,
771 1777 804 1841 at
835 1775 972 1842 invenies
1004 1776 1087 1858 apud
1110 1776 1310 1844 Aristotelem
1347 1781 1470 1842 histori-

343 1899 414 1945 cum
449 1878 556 1962 (30.5
587 1886 708 1963 πρῶτον
738 1881 793 1964 μὲν
815 1879 923 1963 ἱερῶν.
939 1927 946 1942 .
963 1926 993 1942 ..
1022 1877 1170 1964 τέταρτον
1202 1888 1264 1944 τῶν
1287 1880 1405 1964 ἄλλων)
1439 1883 1471 1945 ot

343 2000 403 2058 eos,
429 1981 481 2062 qui
503 1981 535 2044 in
557 1981 678 2064 legibus
702 1981 845 2046 nituntur
867 1981 993 2064 (Aesch.
1017 1981 1041 2044 l.
1060 1981 1101 2044 23
1124 1981 1141 2044 ὁ
1164 1981 1264 2067 κῆρυξ
1338 2031 1369 2048 ..
1395 2003 1469 2067 προ-

344 2093 534 2168 χειροτονεῖν
575 2083 698 2148 κελεύει
731 2087 802 2160 τοὺς
832 2083 997 2169 προέδρους
1028 2088 1098 2169 περὶ
1129 2084 1216 2170 ἱερῶν
1248 2095 1309 2150 τῶν
1335 2085 1472 2170 πατρίων

344 2189 399 2248 καὶ
421 2185 531 2271 κήρυξι
554 2191 609 2251 καί
631 2187 806 2273 πρεσβείαις
828 2191 883 2252 καὶ
907 2188 1081 2273 ὁσίων).

344 2477 430 2566 ἕθ.
477 2477 816 2566 Harpocrationis
840 2477 1028 2566 glossam
1060 2479 1224 2563 aeteva
1257 2497 1338 2546 non
1371 2478 1469 2546 inte·

448 2599 566 2668 gram
591 2580 643 2648 ad
666 2599 744 2648 nos
768 2581 1013 2668 pervenisse
1036 2579 1261 2649 verisimile
1290 2581 1367 2648 est.

448 2767 544 2832 Aliud
560 2768 786 2851 argumentum,
812 2769 892 2849 quod
907 2767 1116 2833 Wilamowitz
1128 2768 1153 2851 ⁵)
1178 2787 1214 2832 ex
1228 2769 1471 2850 Harpocratione

344 2871 443 2953 petiit,
479 2869 604 2953 majoris
636 2871 829 2937 auctoritatis
852 2890 919 2937 esse
942 2871 1076 2936 ridetur.
1122 2871 1305 2938 Aristoteles
1328 2873 1410 2937 enim
1433 2873 1470 2937 de

345 2975 420 3058 Rep.
444 2974 520 3040 Ath.
535 3007 537 3012 v
553 2993 619 3055 cop.
653 2974 748 3039 54.2
780 2976 947 3058 diligenter
978 2976 1116 3053 enarrat,
1155 2976 1307 3058 quomodo
1340 2977 1470 3042 Athenis

345 3078 554 3160 unusquisque
577 3079 778 3161 magistratus
804 3079 938 3144 rationes
970 3100 1041 3146 suas
1074 3079 1113 3144 ad
1144 3081 1273 3160 legistas
1302 3081 1467 3158 rettulerit,

344 3181 448 3263 ibique
464 3181 603 3259 annotat,
625 3181 746 3246 nullum
766 3183 985 3264 magistratum
1008 3183 1065 3247 hoc
1088 3183 1188 3248 officio
1212 3185 1386 3266 exemptum
1405 3201 1471 3247 esso

345 3284 589 3368 etquelogistas
613 3285 693 3350 solos
717 3305 792 3364 esse,
824 3287 877 3368 qui
900 3287 1033 3351 rationes
1055 3287 1126 3351 illas
1149 3287 1320 3369 reciperent
1343 3289 1374 3350 et
1397 3305 1470 3350 cau·

346 3407 395 3452 sas
426 3388 497 3452 inde
529 3391 612 3453 ortas
644 3388 801 3471 judicibus
832 3390 1000 3456 traderent.
1054 3391 1134 3454 Turn
1165 3390 1228 3472 jam
1256 3388 1378 3472 judices
1409 3388 1469 3470 ipsi

346 3509 435 3555 suam
458 3491 567 3572 cuique
590 3511 641 3556 reo
662 3493 795 3558 multam
811 3492 935 3558 dicunt:
959 3491 1149 3568 κλέπτοντες
1171 3493 1202 3557 et
1224 3490 1307 3574 δῶρα
1322 3488 1470 3576 λαβόντες

347 3593 444 3658 multe
466 3593 657 3674 decemplici,
681 3594 801 3658 ἀδικίου
825 3596 1020 3660 condemnati
1043 3594 1187 3676 simplici,
1216 3595 1242 3659 si
1264 3595 1335 3660 anto
1359 3611 1471 3656 nonam

346 3697 521 3779 prytaniam
544 3716 673 3779 poenam
693 3698 887 3774 exsolverint,
911 3699 938 3762 si
961 3699 1071 3774 minus,
1096 3696 1214 3779 duplici
1237 3698 1368 3780 pecunia
1390 3695 1470 3759 mul·

451 4038 475 4097 1)
495 4036 528 4089 cf.
547 4035 755 4090 Meistorhanns
774 4035 898 4088 Gramm.
924 4035 974 4089 der
991 4036 1041 4089 att.
1060 4034 1166 4090 Inschr.
1185 4035 1194 4065 ²
1213 4052 1238 4104 p.
1262 4037 1316 4090 157.

449 4118 476 4189 2)
495 4122 592 4176 Ravue
610 4122 644 4175 de
662 4121 816 4188 philologia
837 4121 910 4174 1894.
929 4136 954 4189 p.
972 4120 1060 4189 urolt.

449 4207 476 4268 3)
495 4207 674 4260 Grammatilr
693 4207 743 4260 der
760 4207 901 4261 ettisclren
920 4207 1096 4261 luschriften.
1116 4207 1126 4236 ²
1144 4222 1169 4276 p.
1192 4207 1247 4261 168.

448 4295 476 4359 4)
494 4295 536 4348 sio
554 4294 632 4347 codd.
651 4293 788 4347 Benseler
805 4294 846 4344 καὶ
864 4294 941 4346 ὁσίων
967 4295 1033 4361 post
1059 4294 1137 4361 ἱερῶν
1155 4298 1206 4344 τῶν
1223 4293 1339 4360 πατρίων
1366 4291 1469 4359 posuit,

346 4391 430 4444 quem
447 4379 530 4432 multi
548 4379 671 4432 editores
690 4379 781 4433 secuti
799 4380 873 4432 sunt.

450 4464 475 4532 5)
494 4465 510 4517 l.
529 4465 546 4518 l.
565 4464 577 4518 l
595 4480 620 4533 p.
639 4466 690 4520 227
709 4479 772 4520 ann.
791 4465 832 4520 82.
