3396 5278
777 507 821 573 85

237 713 330 779 verba
360 709 524 780 facientem
557 711 588 778 et
619 712 755 780 conferas
781 711 903 795 glossas
927 711 1033 779 Photii
1056 731 1081 779 s.
1104 733 1134 780 v.
1157 713 1300 778 πινάκιον
1324 742 1363 772 =

236 814 294 881 lex.
326 814 398 898 Sag.
434 814 467 880 V.
498 813 615 883 299.3
647 843 688 873 =
718 815 779 882 lex.
811 814 900 882 Cant.
931 835 957 882 s.
987 816 1195 900 καινότατον,
1228 815 1362 901 Hesych.

236 938 262 984 s.
284 938 313 984 v.
336 918 482 1006 χαλκοῦν
503 918 660 1002 πινάκιον,
685 919 816 984 Zonaras
841 918 924 984 1843
947 946 988 978 =
1011 920 1062 985 ct.
1085 919 1167 986 lior.
1191 920 1238 986 ed.
1259 919 1364 986 Miller
1406 947 1408 952 ·

237 1021 308 1087 mel.
332 1021 370 1086 de
393 1021 426 1087 la
447 1021 510 1088 litt.
533 1041 581 1106 gr.
604 1041 635 1105 p.
658 1021 733 1087 307.
747 1041 778 1086 v.
794 1023 815 1086 2
830 1040 849 1088 a
864 1041 889 1088 s.
935 1022 1023 1088 Idem
1044 1022 1241 1090 observabis:
1264 1023 1378 1089 oratio,

235 1124 411 1208 philosophi
433 1125 471 1190 ab
494 1125 637 1192 omnibus
660 1125 768 1190 eodem
790 1125 853 1190 lere
875 1123 966 1190 modo
984 1125 1115 1204 recocta,
1138 1125 1175 1191 ιιι
1189 1125 1235 1190 ita
1250 1124 1361 1204 dicam,

236 1225 324 1294 nobis
347 1227 484 1294 offertur.
529 1225 590 1294 Sed
622 1228 788 1294 secundum
820 1227 1021 1294 Aristotelem
1052 1226 1220 1294 tabellulae
1246 1227 1363 1294 buxeae

234 1330 331 1410 erant,
364 1349 384 1396 a
414 1330 639 1417 lexicographis
671 1330 813 1398 omnibus
844 1347 941 1414 usque
973 1331 1013 1395 ad
1044 1325 1141 1396 unum
1162 1327 1304 1397 additur:
1339 1331 1361 1416 η

234 1431 431 1518 χαλκοῦν
462 1433 514 1499 vol
545 1433 656 1498 simile.
702 1432 791 1500 Unde
822 1432 906 1498 idem
928 1431 1151 1512 concludimus,
1186 1431 1269 1516 quod
1295 1427 1361 1518 jam

235 1533 358 1617 saepius
381 1533 542 1602 adnotavi:
581 1533 785 1602 Aristotelem
807 1535 846 1600 ab
868 1533 923 1600 illo
945 1535 1063 1600 incerto
1086 1536 1211 1601 auctore
1234 1535 1360 1602 auctum

236 1637 268 1702 et
290 1636 514 1720 amplificatum
537 1638 653 1722 etjam
676 1639 708 1703 in
731 1635 856 1723 singula
877 1638 1018 1704 membra
1039 1636 1204 1704 discissum
1230 1638 1361 1720 posteris

237 1739 388 1806 traditum
411 1759 477 1808 esse
490 1740 527 1825 ¹).
571 1741 660 1808 Certe
682 1741 752 1806 fieri
780 1741 891 1826 potest,
923 1741 960 1808 ut
989 1760 1069 1807 unus
1099 1741 1215 1806 alterve
1246 1759 1282 1805 cx
1308 1740 1361 1806 ‘his

233 1843 408 1927 glossarum
439 1845 549 1910 scribis
581 1845 742 1911 interdum
764 1845 865 1911 fontes
883 1843 950 1928 jam
973 1845 1126 1910 derivatos
1149 1843 1360 1928 adquisiverit.

235 1944 334 2026 Quod,
356 1949 507 2030 quantum
529 1947 627 2032 potui,
652 1967 774 2032 semper
796 1947 933 2013 indicare
955 1965 1015 2013 non
1038 1947 1153 2013 oblitus
1167 1966 1256 2013 sum.
1302 1945 1362 2012 Sed

236 2051 380 2116 omnibus
411 2049 488 2116 locis
520 2070 630 2116 omnes
663 2070 699 2117 ex
729 2070 790 2116 nno
817 2051 964 2133 scriptore
988 2051 1074 2116 nobis
1097 2051 1264 2134 superstite
1285 2050 1361 2115 hau·

235 2152 312 2218 sisse
342 2153 504 2236 quominus
538 2155 692 2238 putemus,
722 2154 788 2238 jam
808 2154 944 2220 varietas
967 2153 1162 2238 singularum
1183 2153 1361 2237 glossarum

235 2275 290 2324 nos
311 2257 465 2340 prohibet.

402 2511 438 2598 η)
476 2513 505 2576 in
529 2513 646 2597 plessis
669 2509 889 2598 βακτηρία
912 2516 944 2576 et
967 2509 1193 2599 σύμβολον.

336 2699 488 2782 Persaepe
521 2699 643 2780 accidit,
675 2701 712 2764 ut
741 2699 795 2765 ills
823 2699 963 2765 omnium
983 2699 1269 2784 lexicographorum
1292 2699 1359 2764 lons

236 2801 310 2866 nihil
333 2801 470 2880 haberet,
503 2801 585 2885 qued
615 2801 695 2868 sonti
726 2820 781 2868 suo
812 2801 947 2881 adderet,
980 2801 1085 2884 itaque
1108 2802 1270 2867 contentus
1292 2801 1361 2866 erat

235 2903 335 2970 verbis
366 2905 398 2970 in
429 2905 566 2991 glossam
592 2905 773 2984 formandis,
804 2905 890 2970 velut
919 2905 951 2970 in
974 2906 1108 2975 ,vocibus
1140 2902 1297 2990 βακτηρία
1327 2906 1361 2969 et

235 3007 401 3094 stadales,
435 3027 511 3092 qnae
542 3008 723 3093 conjunctas
754 3009 787 3074 et
817 3009 991 3074 connectas
1022 3007 1105 3091 apud
1126 3007 1184 3072 lex.
1209 3006 1280 3090 Seg.
1304 3005 1358 3071 IV.

237 3109 305 3175 185.
330 3113 351 3174 4
372 3111 404 3177 et
427 3111 512 3178 Suid.
535 3131 559 3178 s.
582 3131 612 3178 v.
635 3109 792 3198 βακτηρία
814 3111 871 3175 καὶ
894 3110 1049 3198 σύμβολον
1070 3111 1257 3189 invenimus,
1294 3109 1359 3174 dis·

230 3212 354 3296 junctas
385 3215 417 3279 et
444 3214 550 3297 paullo
572 3211 726 3298 pleniores
749 3214 836 3278 illam
860 3212 1017 3300 βακτηρία
1040 3215 1122 3297 apud
1144 3213 1202 3277 lex.
1226 3213 1297 3295 Seg.
1320 3212 1357 3276 V.

236 3313 308 3380 220.
334 3314 374 3379 17
397 3317 429 3382 et
450 3315 546 3382 schol.
569 3317 666 3382 Arist.
688 3317 782 3398 Vesp.
807 3315 899 3382 1110.
913 3316 952 3398 ι),
984 3317 1064 3381 hane
1096 3314 1250 3402 σύμβολον
1277 3313 1360 3396 apud

235 3417 325 3484 Phot.
349 3437 374 3484 s.
396 3437 426 3484 v.
450 3419 606 3507 σύμβολον
629 3419 672 3504 gl.
697 3420 715 3482 1
739 3447 780 3477 =
803 3419 854 3484 llt.
870 3419 915 3483 M.
930 3418 1003 3484 734.
1019 3417 1071 3483 26.
1095 3446 1135 3475 =
1159 3415 1245 3484 Suid.
1268 3417 1311 3501 gl.
1332 3418 1358 3496 l,

235 3523 287 3604 qui
317 3521 405 3588 addit
434 3523 519 3608 ησαν
550 3523 584 3586 δὲ
612 3523 907 3608 receptatores
931 3531 1029 3586 τοῠα
1052 3523 1110 3598 ἕως
1133 3542 1172 3599 κ;
1205 3522 1263 3586 lex.
1286 3519 1358 3604 Seg.

234 3624 271 3690 V.
293 3624 366 3690 301.
403 3627 448 3704 1.;
485 3625 619 3711 Hesych.
651 3646 675 3693 s.
706 3646 735 3692 v.
768 3625 934 3712 criptulus.
981 3626 1068 3690 Varii
1099 3623 1261 3707 scriptores
1292 3625 1358 3687 tam

233 3727 366 3796 fideliter
386 3730 535 3796 lectiones
557 3729 651 3797 lontis
673 3730 812 3814 primarii
835 3729 1043 3807 servaverunt,
1071 3733 1107 3794 ut
1129 3745 1166 3793 ex
1188 3728 1235 3794 his
1258 3727 1358 3793 denuo

339 4075 363 4141 1)
382 4073 409 4128 S.
427 4075 531 4139 Bruok,
558 4074 696 4144 Philolog.
714 4077 756 4131 52.
787 4073 860 4130 1893.
888 4089 914 4144 p.
932 4074 984 4130 299
1010 4075 1131 4130 tabellas
1159 4077 1263 4130 aeneas
1289 4075 1357 4128 anto

234 4158 342 4226 ligneas
360 4161 390 4216 in
408 4175 463 4215 usu
479 4161 569 4216 luisse
586 4159 725 4230 probavit.
761 4161 883 4216 Kaibelli
901 4162 1097 4230 interpretatio
1126 4159 1191 4224 (Stil
1208 4159 1266 4214 und
1284 4159 1358 4214 'dext

198 4307 202 4312 ,
233 4257 259 4312 p.
278 4245 337 4300 ate.
358 4261 421 4301 ann.
443 4247 475 4314 1.)
493 4247 563 4302 mihi
581 4261 638 4302 non
659 4249 808 4315 persuasit.

336 4347 362 4416 2)
381 4348 473 4404 Schol.
493 4348 570 4404 lunt.
589 4348 635 4403 Ar.
654 4348 727 4403 Plut.
745 4349 804 4404 277.
823 4349 874 4404 278
901 4349 994 4417 ipsum
1013 4349 1195 4404 Aristotelem
1221 4348 1299 4416 legit,
1322 4347 1356 4404 ol.

233 4431 424 4490 Wilamovrltz
441 4436 458 4489 l.
477 4436 495 4489 l.
514 4436 533 4489 l.
552 4449 579 4503 p.
596 4436 656 4490 294.
