3396 5278
717 619 720 624 ¹
774 540 817 607 95

235 749 414 834 conJunotas
447 748 566 814 invenit
597 765 709 831 easque
740 747 822 814 tales
856 747 942 830 operi
972 763 1028 813 suo
1059 746 1199 812 inseruit.
1253 746 1361 829 Neque

235 853 358 918 Polluci
379 849 467 917 VIII.
483 852 525 916 45
547 850 609 916 alia
630 849 787 934 praesidia
808 851 931 934 praesto
954 849 1049 915 luisse
1071 849 1217 915 videntur
1239 851 1361 934 praeter

236 955 414 1022 Aristotelis
429 953 572 1020 libellum
589 953 611 1038 ¹)
634 954 666 1019 et
688 953 746 1018 hoc
767 954 886 1019 lexicon
909 952 1119 1018 rhetoricum.r
1152 952 1197 1018 At
1218 953 1269 1018 hic
1289 969 1361 1018 uero

235 1059 301 1140 ipsc
323 1056 495 1141 glossarum
526 1056 700 1133 thesaurus,
731 1055 804 1138 quia
826 1073 845 1120 a
867 1055 975 1120 multis
998 1055 1254 1138 epitomatoribus
1277 1056 1361 1121 varta

235 1164 268 1226 et
288 1157 320 1226 id
341 1177 488 1243 persaepe
511 1159 724 1225 crudelissime
747 1157 887 1224 divulsus
915 1177 951 1224 oc
982 1159 1160 1223 decurtatus
1191 1161 1248 1238 est,
1281 1177 1362 1224 nunc

235 1263 391 1329 rarissime
414 1261 490 1329 satis
513 1263 672 1346 perspleue
695 1262 881 1346 agnoscitur.
927 1260 1133 1341 Quamobrem
1149 1262 1238 1344 grato
1259 1263 1361 1326 animo

235 1366 374 1448 accipere
406 1365 563 1444 debemus,
602 1365 630 1430 si
661 1364 749 1431 nobis
781 1363 921 1448 contigit,
959 1364 994 1430 ut
1026 1381 1118 1430 uuam
1150 1364 1199 1430 vel
1232 1364 1362 1430 alteram

235 1470 372 1554 glossam
396 1467 435 1533 ad
457 1469 561 1534 ortum
583 1467 726 1550 persequi
748 1467 913 1550 possimus.
951 1467 1138 1534 Persuasum
1155 1467 1238 1532 enim
1253 1467 1360 1544 habeo,

235 1571 391 1655 permulta
413 1571 444 1636 in
466 1571 573 1636 lexicis
596 1571 708 1636 nostris
730 1571 891 1636 rhetoricis
914 1571 1010 1636 latere
1032 1570 1199 1649 recondita,
1222 1589 1300 1653 quae
1323 1572 1362 1635 ab

236 1677 345 1740 eodem
376 1674 460 1739 fonte
491 1674 641 1757 origiuem
673 1692 762 1738 suam
793 1673 917 1738 ducant.
971 1673 1031 1740 Sed
1068 1691 1140 1740 cum
1171 1674 1247 1739 satis
1279 1675 1362 1738 certa

236 1777 421 1844 documenta
452 1777 562 1856 desint,
596 1776 655 1841 hoc
686 1777 809 1842 credere
840 1795 977 1860 possum,
1010 1795 1064 1858 pro
1096 1777 1178 1843 certo
1209 1775 1362 1842 affirmare

239 1901 298 1946 non
321 1881 426 1947 debeo.
469 1879 613 1945 Vidimus
636 1879 668 1945 in
691 1879 748 1945 illo
769 1881 866 1946 lexico
889 1881 1041 1946 rhetorico
1064 1881 1181 1946 similes
1204 1899 1252 1946 res
1268 1881 1362 1946 simul

237 1983 383 2050 battutas
406 1983 510 2050 fuisso.
555 1983 619 2049 Sub
648 1983 741 2049 titulo
773 1983 927 2068 ἡγεμονία
958 1983 1161 2069 δικαστηρίου
1193 1984 1361 2070 conjunxit,

236 2088 444 2171 quidcumque
476 2087 512 2152 de
544 2087 677 2168 singulis
709 2088 901 2171 singulorum
934 2088 1174 2171 magistratuum
1200 2088 1300 2153 causis
1324 2087 1362 2151 ab

239 2191 406 2256 Aristotele
428 2191 587 2256 mutuatus
610 2191 684 2269 erat,
708 2190 805 2255 altero
827 2190 896 2255 loco
919 2189 1077 2255 enarravit
1095 2191 1132 2255 de
1149 2191 1362 2256 instrumentis

236 2293 436 2378 judittalibus
460 2293 575 2379 (κημὸς
597 2295 629 2359 et
651 2293 823 2378 ἀμφορεῖς),
857 2294 926 2357 tum
957 2292 995 2358 de
1021 2293 1115 2358 variis
1137 2294 1222 2358 vocis
1244 2313 1362 2378 πρυτα-

238 2395 305 2461 νεία
327 2397 604 2482 significationibus
628 2397 783 2463 disseruit.

340 2500 450 2566 Eidem
472 2501 551 2566 sonti
572 2499 670 2585 igitur
700 2519 822 2566 summa
844 2517 915 2564 cum
938 2499 1156 2582 probabilitate
1179 2499 1361 2576 tribuemus,
1451 2515 1452 2521 ¹

240 2605 268 2668 si
289 2603 598 2670 animadverterimus
621 2604 705 2670 locos
736 2602 998 2686 lexIcographicos
1030 2603 1146 2668 multas
1173 2621 1221 2668 res
1245 2601 1362 2668 similes

239 2705 412 2787 complexos
434 2723 511 2771 esse.
556 2706 644 2786 Quod
667 2706 784 2772 Iactum
807 2707 948 2771 osteum
975 2705 1102 2790 judiciis
1125 2705 1363 2770 Atheniensium

238 2828 257 2872 a
287 2807 415 2873 Polluce
445 2807 533 2874 VIII.
567 2807 746 2887 117-120,
785 2809 824 2874 ab
861 2810 985 2874 auctore
1020 2807 1078 2872 lex.
1117 2807 1185 2890 Seg.
1217 2809 1255 2872 V.
1289 2807 1362 2870 310.

237 2909 395 2977 all-311.
417 2909 469 2988 22,
504 2911 638 2996 Hesych.
663 2930 686 2976 s.
711 2931 740 2978 v.
774 2911 962 2996 δικαστήρια
994 2911 1166 2993 descriptis
1220 2910 1277 2976 Oui
1309 2910 1362 2974 de·

237 3117 319 3200 regis
350 3116 490 3195 intexuit,
522 3117 663 3183 uberiora
694 3117 784 3184 Dem.
816 3118 849 3182 in
883 3118 1094 3184 Aristocratea
1116 3117 1168 3182 23.
1191 3116 1320 3181 65-79
1337 3115 1362 3194 ⁸)

237 3219 387 3301 exposuit,
419 3221 531 3302 quibus
562 3220 764 3304 paragraphis
796 3221 1035 3304 interpretandis
1062 3221 1169 3286 auctor
1191 3221 1250 3286 lex.
1278 3221 1362 3284 Dem.

239 3321 340 3388 Patm.
364 3343 394 3406 p.
418 3323 588 3388 138-139
610 3344 735 3408 operam
757 3325 851 3390 dedit.
898 3324 968 3390 Non
991 3325 1102 3390 inutile
1130 3325 1177 3389 est
1199 3324 1363 3407 inquirere,

237 3426 326 3490 cuius
350 3426 527 3506 auctoritas,
559 3427 730 3492 oratorisue
753 3447 791 3492 an
818 3427 1002 3512 philosophi,
1027 3426 1109 3510 apud
1131 3427 1271 3510 posteros
1293 3445 1364 3509 pro·

238 3527 389 3610 penderit.
432 3528 505 3595 Jam
528 3529 603 3595 ordo
625 3531 830 3596 tribunalium
853 3530 1046 3615 Areopagus,
1075 3528 1263 3609 Palladium,
1287 3529 1363 3593 Del-

240 3630 388 3711 phimum,
414 3631 628 3715 Prytaneiom,
652 3632 810 3711 Phreatto,
834 3633 888 3714 qui
909 3631 993 3698 idem
1016 3634 1065 3697 est
1087 3631 1169 3714 apud
1190 3632 1363 3708 Pollucem,

239 3733 342 3798 inlex.
359 3734 429 3818 Seg.
447 3733 570 3820 (ἡλιαία
586 3739 617 3800 et
633 3736 665 3799 ἐν
680 3735 745 3821 Ζὲᾳ
768 3734 922 3818 exclusis),
948 3734 1029 3818 apud
1045 3734 1180 3818 Hesych.
1192 3734 1217 3817 ⁸)
1241 3735 1364 3821 (senatu

238 3837 476 3921 quingentorum
508 3841 614 3924 ejecto,
648 3840 701 3922 qui
730 3840 792 3904 huo
818 3841 897 3904 hanc
921 3839 1048 3905 obrem
1071 3839 1205 3922 irrepsit,
1237 3840 1309 3922 quia
1331 3839 1362 3904 in

342 4131 576 4199 nmmpw

342 4218 370 4284 2)
388 4145 448 4273 HoRc
465 4234 557 4288 neque
576 4220 768 4289 StoJentinum
786 4222 802 4274 l.
818 4223 834 4275 l.
848 4236 873 4289 p.
886 4222 919 4276 dl
938 4235 1030 4289 neque
1047 4222 1215 4285 Kaibelium,
1234 4221 1287 4275 Stil
1305 4221 1360 4275 und

239 4302 315 4358 'Psxt
332 4319 358 4373 p.
376 4304 427 4361 239
444 4306 525 4374 fugit.

342 4391 369 4455 3)
387 4391 522 4460 Hesychii
540 4393 644 4460 glossa,
664 4407 735 4461 quae
753 4394 911 4448 miserrime
924 4395 1071 4448 contracta
1083 4395 1134 4457 est,
1149 4393 1259 4460 judicia
1272 4405 1362 4459 usque

240 4474 277 4528 ad
294 4477 473 4544 prytaneium
493 4479 604 4532 tantum
623 4480 792 4548 percensuit,
810 4480 940 4534 ultimum
959 4481 1073 4534 omnino
1092 4479 1195 4533 omisit.
