3408 5276
876 524 920 590 66

337 730 355 812 ξ
381 729 450 809 107,
483 729 634 812 qnantum
664 728 704 794 ad
727 728 894 813 ίεροιιοιούς
925 729 1047 808 attinet,
1071 727 1223 810 reperitur
1234 726 1270 810 ¹),
1302 728 1335 792 at
1356 727 1388 792 in
1412 728 1467 806 eis,

338 849 415 914 quae
434 834 611 915 sequuntur,
630 851 727 916 usque
750 832 905 898 adfinem
927 817 1000 898 libri
1022 831 1155 916 vestigia
1178 831 1327 898 sermonis
1344 830 1467 896 Aristo·

337 935 410 999 helei
432 935 547 1000 trustra
570 953 707 1017 quaeres.

440 1036 569 1102 Librum
591 1037 668 1101 Vlll
699 1039 732 1102 in
764 1037 839 1102 duae
862 1040 965 1120 partes
988 1036 1153 1102 manifeste
1177 1035 1273 1101 dividi
1296 1037 1466 1120 constare,

338 1157 468 1220 quarum
491 1138 574 1220 prior
596 1139 628 1220 (ἓ
651 1138 770 1222 6-81)
794 1138 972 1217 δικαστικοί,
997 1139 1148 1222 posterior
1170 1139 1201 1221 (ἕ
1222 1137 1385 1221 82-157)
1408 1159 1468 1202 πο-

338 1240 444 1304 λιτικὰ
466 1239 605 1326 ὀνόματα
627 1242 851 1323 complectitur.
897 1241 966 1322 Qua
987 1261 1019 1307 re
1042 1243 1110 1324 ipsa
1132 1241 1333 1325 intellegitur,
1358 1241 1467 1308 Pollu-

338 1363 405 1410 cem
427 1342 518 1408 alteri
540 1345 622 1425 parti
643 1345 674 1409 in
691 1344 871 1410 Aristotelis
894 1345 1001 1410 libello
1016 1345 1107 1426 plura
1122 1345 1182 1410 sibi
1197 1345 1288 1410 utilia
1302 1344 1465 1422 invenisse,

339 1465 431 1530 qnam
446 1445 548 1526 priori.
588 1445 647 1511 Sed
666 1467 704 1512 ne
719 1448 776 1512 hac
792 1446 916 1529 quidem
939 1448 971 1512 in
988 1448 1075 1530 parte
1098 1447 1277 1530 philosophi
1299 1447 1467 1512 auctoritas

337 1552 405 1618 tcta
427 1548 628 1622 desideratur.
663 1549 722 1614 etsi
746 1569 817 1613 eum
840 1549 1059 1615 mulierarius
1083 1569 1176 1632 quarn
1198 1551 1231 1614 in
1254 1550 1355 1616 altera
1377 1552 1464 1631 parte

339 1651 529 1718 consulebat.
575 1651 734 1730 Quomodo
767 1652 800 1715 in
823 1669 896 1716 voce
923 1651 1044 1716 ethnon
1066 1653 1085 1734 p
1108 1653 1149 1714 45
1172 1652 1265 1718 verba
1287 1651 1466 1717 Aristotelis

338 1755 470 1838 pessime
494 1755 684 1834 tractaverit,
717 1755 809 1820 huius
841 1755 886 1820 rei
917 1755 1125 1820 observandae
1158 1755 1277 1820 occasio
1301 1754 1380 1818 mihi
1399 1753 1466 1838 jam

338 1859 441 1924 oblata
465 1857 513 1920 est
526 1855 562 1940 ³).

441 1959 508 2039 Quo
531 1961 653 2026 accedit
676 1959 717 2039 io,
750 1961 832 2043 qnod
855 1960 1101 2044 Wilamowitz⁴l
1132 1960 1214 2024 recte
1238 1959 1464 2035 animadvertit,

340 2063 490 2128 formulas
513 2065 551 2130 ab
574 2064 742 2128 Aristotele
766 2063 805 2129 ad
828 2065 965 2128 etheron
988 2064 1039 2129 48.
1063 2067 1083 2126 4
1105 2063 1276 2146 adscriptae
1298 2081 1317 2126 a
1339 2060 1465 2126 Polluce

338 2166 369 2230 in
401 2183 474 2232 voce
497 2165 589 2249 φάσις
621 2173 638 2244 ᾗ
668 2165 768 2252 oufes
790 2168 897 2250 repeti.
942 2167 1025 2232 Fieri
1047 2167 1173 2250 quidem
1196 2167 1307 2248 potest,
1331 2164 1466 2228 uitalia

338 2289 371 2334 re
393 2288 465 2334 vern
486 2269 519 2334 in
541 2271 598 2336 illa
620 2289 721 2336 cansa
736 2273 945 2336 exerceantur.
987 2270 1047 2336 Sed
1063 2289 1133 2335 oum
1150 2269 1257 2352 paullo
1273 2268 1344 2349 post
1359 2266 1465 2332 eadem

340 2372 533 2455 paragrapho
565 2373 661 2438 verba
692 2372 852 2457 είςήγοντο
886 2393 981 2457 usque
1005 2372 1044 2437 ad
1066 2371 1287 2456 τετρακοσίους
1309 2388 1405 2454 paene
1429 2368 1467 2432 ad

338 2476 465 2540 verbum
496 2476 703 2557 respondeant
733 2476 865 2540 Aristct.
898 2476 994 2540 53.3
1025 2477 1056 2539 et
1089 2477 1256 2556 utrumque
1290 2491 1307 2534 c
1337 2471 1465 2536 Polluce

339 2576 404 2640 solo
427 2577 585 2658 cognitum
608 2576 784 2653 habeamus,
818 2576 955 2640 dubitari
977 2577 1061 2652 licet,
1094 2593 1193 2640 nonne
1222 2575 1299 2638 haec
1322 2573 1425 2638 omnia
1448 2592 1467 2636 a

339 2679 402 2742 viro
425 2678 520 2762 probo
544 2677 583 2742 ad
605 2677 687 2741 hunc
709 2677 812 2742 locum
834 2678 908 2742 ficta
932 2677 1003 2755 sint,
1032 2677 1219 2759 nescioquo
1243 2693 1317 2740 ansa
1339 2673 1422 2738 data.

338 2868 469 2932 Aristoi.
495 2869 551 2932 5³.
576 2868 618 2934 3:
659 2865 874 2949 είςοίγουσιν...
923 2869 1035 2932 Pollux
1058 2867 1215 2932 ν111.48ι
1248 2863 1409 2950 εἰςήγοντο
1432 2863 1465 2926 δὲ

339 2970 379 3031 τὰ
414 2969 469 3053 μὲν
499 2968 586 3045 ἐντὸς
616 2967 726 3054 χιλίων
758 2969 800 3045 εἰς
823 2970 878 3034 ἕνα
922 2971 962 3032 τὰ
995 2971 1049 3054 μὲν
1084 2968 1171 3044 ἐντὸς
1202 2965 1313 3054 χιλίων
1346 2966 1388 3042 εἰς
1411 2967 1466 3030 ἕνα

338 3072 393 3132 καὶ
430 3069 626 3154 διακοσίους,
666 3074 706 3134 τὰ
743 3070 769 3134 δ’
801 3071 878 3156 ὑπὲρ
922 3074 978 3135 καὶ
1015 3069 1213 3154 διακοσίους,
1254 3072 1294 3134 τὰ
1331 3069 1357 3132 δ’
1390 3069 1465 3153 ὑπὲρ

338 3171 442 3258 χιλίας
473 3173 515 3248 είς
546 3174 601 3238 ἕνα
639 3175 693 3236 καὶ
727 3195 878 3258 τετρακο-
922 3173 1027 3260 χιλίας
1059 3175 1101 3251 εἰς
1133 3175 1188 3238 ἕνα
1226 3175 1282 3236 καὶ
1314 3193 1465 3257 τετρακο-

342 3273 436 3354 σίους.
924 3275 1018 3353 σίους.

442 3467 542 3534 Sohol.
568 3468 657 3534 Deru.
681 3469 753 3536 793.
779 3469 837 3551 16,
870 3490 947 3553 quae
979 3469 1016 3535 de
1049 3471 1149 3535 causis
1180 3469 1292 3552 φάσις,
1327 3463 1461 3546 ἔνδειξις,

338 3571 496 3658 ἀπαγωγὴ
519 3572 642 3654 profert,
666 3575 770 3640 omnia
793 3593 809 3638 a
832 3573 959 3638 Polluce
984 3573 1180 3655 exscripsisse
1210 3589 1270 3636 non
1293 3571 1349 3649 est,
1383 3569 1464 3652 quod

339 3673 370 3737 di
443 3724 450 3737 .

372 3694 528 3840 camHaec
560 3779 641 3854 sunt,
674 3797 751 3860 quae
782 3796 818 3842 er
839 3778 1008 3843 Aristotele
1040 3779 1107 3860 ipso
1140 3779 1266 3861 sumpta
1297 3797 1364 3842 esse
1386 3776 1464 3842 mihi

338 3879 494 3959 persuasi;
518 3879 594 3944 satis
617 3881 717 3944 multa
741 3879 864 3962 quidem
888 3881 979 3962 atque
1000 3881 1121 3960 idonea,
1150 3881 1230 3946 unde
1253 3881 1321 3964 quis
1340 3880 1464 3964 justum

338 4070 594 4079 ..ὠ-..ᾑ-

445 4190 468 4249 ι)
488 4188 523 4240 cl.
542 4199 629 4252 supro
646 4201 671 4253 p.
691 4187 732 4240 30.

441 4271 467 4338 2)
486 4271 630 4339 Stcjentin
647 4271 664 4325 l.
682 4272 699 4324 l.
718 4287 744 4339 p.
765 4271 789 4324 3.

440 4358 467 4422 3)
485 4371 511 4424 p.
529 4357 571 4412 37.
591 4358 632 4412 57.

440 4442 466 4510 4)
485 4443 502 4496 l.
520 4443 537 4496 l.
557 4443 588 4498 Ιί.
607 4457 632 4512 p.
651 4445 710 4498 235.
733 4459 797 4500 ann.
817 4444 857 4499 16.
