<?xml version="1.0" encoding="UTF-8"?>
<!DOCTYPE html PUBLIC "-//W3C//DTD XHTML 1.0 Transitional//EN"
    "http://www.w3.org/TR/xhtml1/DTD/xhtml1-transitional.dtd">
<html xmlns="http://www.w3.org/1999/xhtml" xml:lang="en" lang="en">
 <head>
  <title>
</title>
<meta http-equiv="Content-Type" content="text/html;charset=utf-8" />
  <meta name='ocr-system' content='tesseract 3.04.00' />
  <meta name='ocr-capabilities' content='ocr_page ocr_carea ocr_par ocr_line ocrx_word'/>
</head>
<body>
  <div class='ocr_page' id='page_1' title='image "./dearistotelispo01bursgoog_0058.png"; bbox 0 0 3408 5276; ppageno 0'>
   <div class='ocr_carea' id='block_1_1' title="bbox 773 559 815 622">
    <p class='ocr_par' dir='ltr' id='par_1_1' title="bbox 773 559 815 622">
     <span class='ocr_line' id='line_1_1' title="bbox 773 559 815 622; baseline -0.048 0"><span class='ocrx_word' id='word_1_1' title='bbox 773 559 815 622; x_wconf 81' lang='lat'>45</span> 
     </span>
    </p>
   </div>
   <div class='ocr_carea' id='block_1_2' title="bbox 231 808 1354 1016">
    <p class='ocr_par' dir='ltr' id='par_1_2' title="bbox 231 808 1354 1016">
     <span class='ocr_line' id='line_1_2' title="bbox 231 808 1354 898; baseline 0.002 -20"><span class='ocrx_word' id='word_1_2' title='bbox 231 808 305 898; x_wconf 62' lang='lat'>§8-</span> <span class='ocrx_word' id='word_1_3' title='bbox 329 809 471 898; x_wconf 87' lang='lat' dir='ltr'><strong>Neque</strong></span> <span class='ocrx_word' id='word_1_4' title='bbox 488 811 749 880; x_wconf 85' lang='lat' dir='ltr'>statuendum</span> <span class='ocrx_word' id='word_1_5' title='bbox 766 814 831 880; x_wconf 83' lang='lat' dir='ltr'>est</span> <span class='ocrx_word' id='word_1_6' title='bbox 844 811 1110 881; x_wconf 65' lang='lat' dir='ltr'><strong>Aristotelem</strong></span> <span class='ocrx_word' id='word_1_7' title='bbox 1128 812 1354 882; x_wconf 83' lang='lat' dir='ltr'>sententias</span> 
     </span>
     <span class='ocr_line' id='line_1_3' title="bbox 321 912 1200 1016; baseline 0.003 -35"><span class='ocrx_word' id='word_1_8' title='bbox 321 1007 327 1016; x_wconf 80' lang='lat'><em>,</em></span> <span class='ocrx_word' id='word_1_9' title='bbox 386 912 492 982; x_wconf 84' lang='lat' dir='ltr'>alius</span> <span class='ocrx_word' id='word_1_10' title='bbox 517 913 924 986; x_wconf 83' lang='lat' dir='ltr'>cuiusdamtacitum</span> <span class='ocrx_word' id='word_1_11' title='bbox 947 916 1200 1006; x_wconf 82' lang='lat' dir='ltr'><strong>impugnare.</strong></span> 
     </span>
    </p>
   </div>
   <div class='ocr_carea' id='block_1_3' title="bbox 228 1096 1357 4080">
    <p class='ocr_par' dir='ltr' id='par_1_3' title="bbox 228 1096 1357 4080">
     <span class='ocr_line' id='line_1_4' title="bbox 334 1096 1355 1186; baseline 0.004 -24"><span class='ocrx_word' id='word_1_12' title='bbox 334 1096 394 1163; x_wconf 85' lang='lat' dir='ltr'>Sed</span> <span class='ocrx_word' id='word_1_13' title='bbox 417 1118 589 1181; x_wconf 88' lang='lat' dir='ltr'>caveamus,</span> <span class='ocrx_word' id='word_1_14' title='bbox 614 1121 652 1167; x_wconf 91' lang='lat' dir='ltr'>ne</span> <span class='ocrx_word' id='word_1_15' title='bbox 675 1103 732 1167; x_wconf 92' lang='lat' dir='ltr'>sub</span> <span class='ocrx_word' id='word_1_16' title='bbox 755 1104 848 1167; x_wconf 86' lang='lat' dir='ltr'>verba</span> <span class='ocrx_word' id='word_1_17' title='bbox 863 1103 1041 1168; x_wconf 86' lang='lat' dir='ltr'>Aristotelis</span> <span class='ocrx_word' id='word_1_18' title='bbox 1058 1102 1128 1186; x_wconf 87' lang='lat' dir='ltr'>plus</span> <span class='ocrx_word' id='word_1_19' title='bbox 1144 1101 1355 1186; x_wconf 72' lang='lat' dir='ltr'><strong>subjiciamus,</strong></span> 
     </span>
     <span class='ocr_line' id='line_1_5' title="bbox 231 1203 1356 1284; baseline 0.004 -20"><span class='ocrx_word' id='word_1_20' title='bbox 231 1217 322 1281; x_wconf 90' lang='lat' dir='ltr'>quam</span> <span class='ocrx_word' id='word_1_21' title='bbox 347 1203 429 1282; x_wconf 88' lang='lat' dir='ltr'>quod</span> <span class='ocrx_word' id='word_1_22' title='bbox 451 1204 517 1284; x_wconf 88' lang='lat' dir='ltr'>ipse</span> <span class='ocrx_word' id='word_1_23' title='bbox 541 1206 647 1270; x_wconf 79' lang='lat' dir='ltr'>auctor</span> <span class='ocrx_word' id='word_1_24' title='bbox 668 1206 769 1269; x_wconf 79' lang='lat' dir='ltr'>dicere</span> <span class='ocrx_word' id='word_1_25' title='bbox 792 1205 899 1270; x_wconf 90' lang='lat' dir='ltr'>voluit.</span> <span class='ocrx_word' id='word_1_26' title='bbox 934 1205 1001 1272; x_wconf 89' lang='lat' dir='ltr'>Hoc</span> <span class='ocrx_word' id='word_1_27' title='bbox 1024 1205 1101 1270; x_wconf 91' lang='lat' dir='ltr'>mibi</span> <span class='ocrx_word' id='word_1_28' title='bbox 1123 1205 1232 1271; x_wconf 87' lang='lat' dir='ltr'>iecisse</span> <span class='ocrx_word' id='word_1_29' title='bbox 1248 1205 1356 1271; x_wconf 88' lang='lat' dir='ltr'>viden·</span> 
     </span>
     <span class='ocr_line' id='line_1_6' title="bbox 229 1303 1357 1390; baseline 0.007 -25"><span class='ocrx_word' id='word_1_30' title='bbox 229 1303 281 1366; x_wconf 90' lang='lat' dir='ltr'>tur</span> <span class='ocrx_word' id='word_1_31' title='bbox 312 1303 476 1386; x_wconf 82' lang='lat' dir='ltr'>Lipsius¹)</span> <span class='ocrx_word' id='word_1_32' title='bbox 511 1308 646 1387; x_wconf 80' lang='lat' dir='ltr'>cautius,</span> <span class='ocrx_word' id='word_1_33' title='bbox 681 1308 826 1374; x_wconf 89' lang='lat' dir='ltr'>audacius</span> <span class='ocrx_word' id='word_1_34' title='bbox 858 1309 1118 1390; x_wconf 64' lang='lat' dir='ltr'>Wilamowitff),</span> <span class='ocrx_word' id='word_1_35' title='bbox 1158 1327 1228 1373; x_wconf 91' lang='lat' dir='ltr'>cum</span> <span class='ocrx_word' id='word_1_36' title='bbox 1262 1309 1357 1374; x_wconf 86' lang='lat' dir='ltr'>verba</span> 
     </span>
     <span class='ocr_line' id='line_1_7' title="bbox 231 1405 1356 1497; baseline 0.004 -27"><span class='ocrx_word' id='word_1_37' title='bbox 231 1423 297 1488; x_wconf 86' lang='lat' dir='ltr'>cap.</span> <span class='ocrx_word' id='word_1_38' title='bbox 321 1405 414 1472; x_wconf 74' lang='lat' dir='ltr'>bal</span> <span class='ocrx_word' id='word_1_39' title='bbox 449 1413 504 1474; x_wconf 83' lang='grc' dir='ltr'>καὶ</span> <span class='ocrx_word' id='word_1_40' title='bbox 534 1412 595 1496; x_wconf 84' lang='grc' dir='ltr'>γὰρ</span> <span class='ocrx_word' id='word_1_41' title='bbox 627 1411 744 1488; x_wconf 81' lang='grc' dir='ltr'>ταύτας</span> <span class='ocrx_word' id='word_1_42' title='bbox 778 1412 949 1497; x_wconf 60' lang='lat' dir='ltr'>sadracas</span> <span class='ocrx_word' id='word_1_43' title='bbox 980 1412 1008 1476; x_wconf 81' lang='grc' dir='ltr'>οἱ</span> <span class='ocrx_word' id='word_1_44' title='bbox 1041 1411 1154 1476; x_wconf 81' lang='grc' dir='ltr'>ἕνδεκα</span> <span class='ocrx_word' id='word_1_45' title='bbox 1186 1411 1356 1478; x_wconf 88' lang='lat' dir='ltr'>contrariae</span> 
     </span>
     <span class='ocr_line' id='line_1_8' title="bbox 231 1509 1355 1598; baseline 0.004 -25"><span class='ocrx_word' id='word_1_46' title='bbox 231 1509 392 1576; x_wconf 89' lang='lat' dir='ltr'>cniusdam</span> <span class='ocrx_word' id='word_1_47' title='bbox 424 1516 596 1580; x_wconf 87' lang='lat' dir='ltr'>sententiaa</span> <span class='ocrx_word' id='word_1_48' title='bbox 628 1517 769 1598; x_wconf 87' lang='lat' dir='ltr'>opposita</span> <span class='ocrx_word' id='word_1_49' title='bbox 792 1536 858 1581; x_wconf 89' lang='lat' dir='ltr'>esse</span> <span class='ocrx_word' id='word_1_50' title='bbox 881 1516 1168 1598; x_wconf 65' lang='lat' dir='ltr'>interpretaremur.</span> <span class='ocrx_word' id='word_1_51' title='bbox 1213 1515 1355 1598; x_wconf 90' lang='lat' dir='ltr'>Diligen-</span> 
     </span>
     <span class='ocr_line' id='line_1_9' title="bbox 229 1617 1356 1702; baseline -0.009 -12"><span class='ocrx_word' id='word_1_52' title='bbox 229 1627 292 1690; x_wconf 91' lang='lat' dir='ltr'>tius</span> <span class='ocrx_word' id='word_1_53' title='bbox 323 1617 419 1702; x_wconf 89' lang='lat' dir='ltr'>igitur</span> <span class='ocrx_word' id='word_1_54' title='bbox 449 1619 552 1683; x_wconf 89' lang='lat' dir='ltr'>locum</span> <span class='ocrx_word' id='word_1_55' title='bbox 583 1619 673 1683; x_wconf 90' lang='lat' dir='ltr'>illum</span> <span class='ocrx_word' id='word_1_56' title='bbox 706 1619 945 1700; x_wconf 77' lang='lat' dir='ltr'>perscrutemur,</span> <span class='ocrx_word' id='word_1_57' title='bbox 976 1638 1049 1682; x_wconf 90' lang='lat' dir='ltr'>num</span> <span class='ocrx_word' id='word_1_58' title='bbox 1083 1637 1116 1683; x_wconf 91' lang='lat' dir='ltr'>re</span> <span class='ocrx_word' id='word_1_59' title='bbox 1139 1637 1213 1683; x_wconf 84' lang='lat' dir='ltr'>vera</span> <span class='ocrx_word' id='word_1_60' title='bbox 1235 1617 1356 1682; x_wconf 89' lang='lat' dir='ltr'>occulta</span> 
     </span>
     <span class='ocr_line' id='line_1_10' title="bbox 231 1719 1355 1811; baseline -0.011 -17"><span class='ocrx_word' id='word_1_61' title='bbox 231 1725 381 1811; x_wconf 86' lang='lat' dir='ltr'>quaedam</span> <span class='ocrx_word' id='word_1_62' title='bbox 405 1723 524 1787; x_wconf 91' lang='lat' dir='ltr'>alienae</span> <span class='ocrx_word' id='word_1_63' title='bbox 553 1721 704 1804; x_wconf 87' lang='lat' dir='ltr'>opinionis</span> <span class='ocrx_word' id='word_1_64' title='bbox 727 1723 922 1804; x_wconf 86' lang='lat' dir='ltr'>reprehensio</span> <span class='ocrx_word' id='word_1_65' title='bbox 946 1723 1054 1787; x_wconf 84' lang='lat' dir='ltr'>subsit.</span> <span class='ocrx_word' id='word_1_66' title='bbox 1099 1719 1355 1801; x_wconf 86' lang='lat' dir='ltr'>,Undecimviros‘</span> 
     </span>
     <span class='ocr_line' id='line_1_11' title="bbox 232 1815 1355 1908; baseline -0.005 -14"><span class='ocrx_word' id='word_1_67' title='bbox 232 1827 413 1894; x_wconf 83' lang='lat' dir='ltr'>Aristoteles</span> <span class='ocrx_word' id='word_1_68' title='bbox 444 1825 556 1908; x_wconf 82' lang='lat' dir='ltr'>inquit,</span> <span class='ocrx_word' id='word_1_69' title='bbox 588 1825 803 1904; x_wconf 88' lang='lat' dir='ltr'>,Athenienses</span> <span class='ocrx_word' id='word_1_70' title='bbox 834 1815 925 1892; x_wconf 74' lang='lat' dir='ltr'>sorte&#39;</span> <span class='ocrx_word' id='word_1_71' title='bbox 939 1825 1105 1908; x_wconf 87' lang='lat' dir='ltr'>eligebant,</span> <span class='ocrx_word' id='word_1_72' title='bbox 1139 1824 1191 1906; x_wconf 90' lang='lat' dir='ltr'>qui</span> <span class='ocrx_word' id='word_1_73' title='bbox 1215 1823 1355 1888; x_wconf 89' lang='lat' dir='ltr'>consule-</span> 
     </span>
     <span class='ocr_line' id='line_1_12' title="bbox 229 1928 1355 2013; baseline -0.007 -15"><span class='ocrx_word' id='word_1_74' title='bbox 229 1936 298 2000; x_wconf 84' lang='lat' dir='ltr'>rent</span> <span class='ocrx_word' id='word_1_75' title='bbox 313 1931 427 1998; x_wconf 90' lang='lat' dir='ltr'>carceri</span> <span class='ocrx_word' id='word_1_76' title='bbox 450 1932 482 1995; x_wconf 88' lang='lat' dir='ltr'>et</span> <span class='ocrx_word' id='word_1_77' title='bbox 503 1933 602 2010; x_wconf 81' lang='lat' dir='ltr'>iures,</span> <span class='ocrx_word' id='word_1_78' title='bbox 619 1929 674 2013; x_wconf 67' lang='lat' dir='ltr'>qui‘</span> <span class='ocrx_word' id='word_1_79' title='bbox 694 1931 857 1997; x_wconf 84' lang='lat' dir='ltr'>manifesto</span> <span class='ocrx_word' id='word_1_80' title='bbox 880 1933 912 1996; x_wconf 91' lang='lat' dir='ltr'>in</span> <span class='ocrx_word' id='word_1_81' title='bbox 936 1931 1069 1996; x_wconf 90' lang='lat' dir='ltr'>facinore</span> <span class='ocrx_word' id='word_1_82' title='bbox 1092 1928 1355 2012; x_wconf 87' lang='lat' dir='ltr'>deprehenderen-</span> 
     </span>
     <span class='ocr_line' id='line_1_13' title="bbox 230 2031 1355 2118; baseline -0.006 -16"><span class='ocrx_word' id='word_1_83' title='bbox 230 2040 289 2116; x_wconf 90' lang='lat' dir='ltr'>tur,</span> <span class='ocrx_word' id='word_1_84' title='bbox 321 2036 484 2118; x_wconf 86' lang='lat' dir='ltr'>peecatum</span> <span class='ocrx_word' id='word_1_85' title='bbox 517 2034 671 2100; x_wconf 80' lang='lat' dir='ltr'>confessos</span> <span class='ocrx_word' id='word_1_86' title='bbox 703 2035 854 2118; x_wconf 87' lang='lat' dir='ltr'>supplicio</span> <span class='ocrx_word' id='word_1_87' title='bbox 882 2035 1047 2112; x_wconf 85' lang='lat' dir='ltr'>afficerent,</span> <span class='ocrx_word' id='word_1_88' title='bbox 1082 2034 1230 2118; x_wconf 89' lang='lat' dir='ltr'>negantes</span> <span class='ocrx_word' id='word_1_89' title='bbox 1252 2031 1355 2115; x_wconf 90' lang='lat' dir='ltr'>injus</span> 
     </span>
     <span class='ocr_line' id='line_1_14' title="bbox 229 2136 1357 2221; baseline -0.005 -16"><span class='ocrx_word' id='word_1_90' title='bbox 229 2141 383 2206; x_wconf 86' lang='lat' dir='ltr'>vocarent.</span> <span class='ocrx_word' id='word_1_91' title='bbox 436 2138 612 2204; x_wconf 81' lang='lat' dir='ltr'>Eorundem</span> <span class='ocrx_word' id='word_1_92' title='bbox 644 2139 753 2203; x_wconf 90' lang='lat' dir='ltr'>deinde</span> <span class='ocrx_word' id='word_1_93' title='bbox 786 2142 862 2216; x_wconf 87' lang='lat' dir='ltr'>erat,</span> <span class='ocrx_word' id='word_1_94' title='bbox 897 2157 987 2221; x_wconf 89' lang='lat' dir='ltr'>agros</span> <span class='ocrx_word' id='word_1_95' title='bbox 1020 2138 1164 2202; x_wconf 87' lang='lat' dir='ltr'>domosve</span> <span class='ocrx_word' id='word_1_96' title='bbox 1197 2136 1357 2220; x_wconf 90' lang='lat' dir='ltr'>publicata</span> 
     </span>
     <span class='ocr_line' id='line_1_15' title="bbox 229 2238 1353 2324; baseline -0.003 -19"><span class='ocrx_word' id='word_1_97' title='bbox 229 2242 383 2320; x_wconf 80' lang='lat' dir='ltr'>indicibus</span> <span class='ocrx_word' id='word_1_98' title='bbox 417 2239 614 2324; x_wconf 89' lang='lat' dir='ltr'>dijudicanda</span> <span class='ocrx_word' id='word_1_99' title='bbox 647 2242 692 2318; x_wconf 91' lang='lat' dir='ltr'>et,</span> <span class='ocrx_word' id='word_1_100' title='bbox 725 2260 802 2323; x_wconf 89' lang='lat' dir='ltr'>quae</span> <span class='ocrx_word' id='word_1_101' title='bbox 834 2241 866 2305; x_wconf 91' lang='lat' dir='ltr'>hi</span> <span class='ocrx_word' id='word_1_102' title='bbox 897 2240 1022 2322; x_wconf 88' lang='lat' dir='ltr'>publica</span> <span class='ocrx_word' id='word_1_103' title='bbox 1056 2258 1122 2304; x_wconf 88' lang='lat' dir='ltr'>asse</span> <span class='ocrx_word' id='word_1_104' title='bbox 1145 2238 1353 2312; x_wconf 84' lang='lat' dir='ltr'>decreverunt,</span> 
     </span>
     <span class='ocr_line' id='line_1_16' title="bbox 229 2341 1355 2428; baseline -0.004 -18"><span class='ocrx_word' id='word_1_105' title='bbox 229 2344 340 2428; x_wconf 89' lang='lat' dir='ltr'>poletis</span> <span class='ocrx_word' id='word_1_106' title='bbox 362 2343 577 2410; x_wconf 70' lang='lat' dir='ltr'>‘auctionanda</span> <span class='ocrx_word' id='word_1_107' title='bbox 608 2344 748 2409; x_wconf 62' lang='lat' dir='ltr'>traderet</span> <span class='ocrx_word' id='word_1_108' title='bbox 803 2344 887 2423; x_wconf 77' lang='lat' dir='ltr'>Quae</span> <span class='ocrx_word' id='word_1_109' title='bbox 919 2343 1021 2408; x_wconf 88' lang='lat' dir='ltr'>officia</span> <span class='ocrx_word' id='word_1_110' title='bbox 1052 2345 1156 2406; x_wconf 88' lang='lat' dir='ltr'>omnia</span> <span class='ocrx_word' id='word_1_111' title='bbox 1183 2341 1355 2405; x_wconf 88' lang='lat' dir='ltr'>necessario</span> 
     </span>
     <span class='ocr_line' id='line_1_17' title="bbox 230 2442 1356 2514; baseline -0.007 -2"><span class='ocrx_word' id='word_1_112' title='bbox 230 2466 300 2512; x_wconf 90' lang='lat' dir='ltr'>cum</span> <span class='ocrx_word' id='word_1_113' title='bbox 347 2466 420 2512; x_wconf 90' lang='lat' dir='ltr'>cura</span> <span class='ocrx_word' id='word_1_114' title='bbox 452 2448 644 2514; x_wconf 83' lang='lat' dir='ltr'>vinculorum</span> <span class='ocrx_word' id='word_1_115' title='bbox 686 2447 843 2512; x_wconf 83' lang='lat' dir='ltr'>artissime</span> <span class='ocrx_word' id='word_1_116' title='bbox 880 2446 1052 2511; x_wconf 88' lang='lat' dir='ltr'>cohaerent.</span> <span class='ocrx_word' id='word_1_117' title='bbox 1109 2443 1236 2508; x_wconf 89' lang='lat' dir='ltr'>Nullius</span> <span class='ocrx_word' id='word_1_118' title='bbox 1273 2442 1356 2506; x_wconf 88' lang='lat' dir='ltr'>anim</span> 
     </span>
     <span class='ocr_line' id='line_1_18' title="bbox 230 2546 1355 2633; baseline -0.004 -19"><span class='ocrx_word' id='word_1_119' title='bbox 230 2551 362 2616; x_wconf 89' lang='lat' dir='ltr'>hominis</span> <span class='ocrx_word' id='word_1_120' title='bbox 385 2551 466 2616; x_wconf 88' lang='lat' dir='ltr'>bona</span> <span class='ocrx_word' id='word_1_121' title='bbox 489 2553 519 2616; x_wconf 92' lang='lat' dir='ltr'>in</span> <span class='ocrx_word' id='word_1_122' title='bbox 543 2552 701 2633; x_wconf 84' lang='lat' dir='ltr'>publicum</span> <span class='ocrx_word' id='word_1_123' title='bbox 725 2551 948 2616; x_wconf 88' lang='lat' dir='ltr'>addicebantur</span> <span class='ocrx_word' id='word_1_124' title='bbox 971 2549 1031 2613; x_wconf 91' lang='lat' dir='ltr'>nisi</span> <span class='ocrx_word' id='word_1_125' title='bbox 1048 2567 1163 2626; x_wconf 90' lang='lat' dir='ltr'>eorum,</span> <span class='ocrx_word' id='word_1_126' title='bbox 1188 2547 1241 2629; x_wconf 92' lang='lat' dir='ltr'>qui</span> <span class='ocrx_word' id='word_1_127' title='bbox 1264 2546 1355 2610; x_wconf 89' lang='lat' dir='ltr'>antea</span> 
     </span>
     <span class='ocr_line' id='line_1_19' title="bbox 229 2648 1354 2738; baseline -0.006 -19"><span class='ocrx_word' id='word_1_128' title='bbox 229 2655 355 2738; x_wconf 86' lang='lat' dir='ltr'>propter</span> <span class='ocrx_word' id='word_1_129' title='bbox 386 2653 498 2718; x_wconf 77' lang='lat' dir='ltr'>cumen</span> <span class='ocrx_word' id='word_1_130' title='bbox 532 2655 748 2738; x_wconf 88' lang='lat' dir='ltr'>gravissimum</span> <span class='ocrx_word' id='word_1_131' title='bbox 783 2654 893 2738; x_wconf 88' lang='lat' dir='ltr'>capitis</span> <span class='ocrx_word' id='word_1_132' title='bbox 916 2672 1014 2738; x_wconf 87' lang='lat' dir='ltr'>poena</span> <span class='ocrx_word' id='word_1_133' title='bbox 1036 2651 1122 2735; x_wconf 89' lang='lat' dir='ltr'>digni</span> <span class='ocrx_word' id='word_1_134' title='bbox 1146 2651 1249 2714; x_wconf 89' lang='lat' dir='ltr'>essent</span> <span class='ocrx_word' id='word_1_135' title='bbox 1270 2648 1354 2712; x_wconf 86' lang='lat' dir='ltr'>facti.</span> 
     </span>
     <span class='ocr_line' id='line_1_20' title="bbox 229 2751 1356 2840; baseline -0.008 -17"><span class='ocrx_word' id='word_1_136' title='bbox 229 2757 359 2840; x_wconf 89' lang='lat' dir='ltr'>Utrique</span> <span class='ocrx_word' id='word_1_137' title='bbox 380 2757 478 2839; x_wconf 82' lang='lat' dir='ltr'>igitur</span> <span class='ocrx_word' id='word_1_138' title='bbox 509 2758 615 2840; x_wconf 82' lang='lat' dir='ltr'>generi</span> <span class='ocrx_word' id='word_1_139' title='bbox 639 2759 670 2821; x_wconf 92' lang='lat' dir='ltr'>et</span> <span class='ocrx_word' id='word_1_140' title='bbox 701 2775 817 2840; x_wconf 84' lang='lat' dir='ltr'>aarum,</span> <span class='ocrx_word' id='word_1_141' title='bbox 851 2757 902 2840; x_wconf 91' lang='lat' dir='ltr'>qui</span> <span class='ocrx_word' id='word_1_142' title='bbox 934 2757 1009 2820; x_wconf 87' lang='lat' dir='ltr'>furti</span> <span class='ocrx_word' id='word_1_143' title='bbox 1036 2755 1172 2820; x_wconf 82' lang='lat' dir='ltr'>accusati</span> <span class='ocrx_word' id='word_1_144' title='bbox 1194 2752 1293 2830; x_wconf 90' lang='lat' dir='ltr'>crant,</span> <span class='ocrx_word' id='word_1_145' title='bbox 1326 2751 1356 2815; x_wconf 85' lang='lat' dir='ltr'>et</span> 
     </span>
     <span class='ocr_line' id='line_1_21' title="bbox 230 2857 1353 2944; baseline -0.007 -19"><span class='ocrx_word' id='word_1_146' title='bbox 230 2879 345 2940; x_wconf 87' lang='lat' dir='ltr'>eorum,</span> <span class='ocrx_word' id='word_1_147' title='bbox 377 2879 507 2942; x_wconf 88' lang='lat' dir='ltr'>quorum</span> <span class='ocrx_word' id='word_1_148' title='bbox 530 2860 609 2925; x_wconf 90' lang='lat' dir='ltr'>bona</span> <span class='ocrx_word' id='word_1_149' title='bbox 631 2860 756 2944; x_wconf 89' lang='lat' dir='ltr'>publica</span> <span class='ocrx_word' id='word_1_150' title='bbox 779 2859 862 2924; x_wconf 84' lang='lat' dir='ltr'>facta</span> <span class='ocrx_word' id='word_1_151' title='bbox 885 2861 981 2937; x_wconf 89' lang='lat' dir='ltr'>erant,</span> <span class='ocrx_word' id='word_1_152' title='bbox 1013 2858 1071 2922; x_wconf 90' lang='lat' dir='ltr'>hoc</span> <span class='ocrx_word' id='word_1_153' title='bbox 1093 2875 1255 2922; x_wconf 87' lang='lat' dir='ltr'>commune</span> <span class='ocrx_word' id='word_1_154' title='bbox 1279 2857 1353 2932; x_wconf 88' lang='lat' dir='ltr'>erat,</span> 
     </span>
     <span class='ocr_line' id='line_1_22' title="bbox 230 2957 1353 3046; baseline -0.006 -19"><span class='ocrx_word' id='word_1_155' title='bbox 230 2965 348 3029; x_wconf 82' lang='lat' dir='ltr'>lacinus</span> <span class='ocrx_word' id='word_1_156' title='bbox 376 2963 442 3046; x_wconf 91' lang='lat' dir='ltr'>jam</span> <span class='ocrx_word' id='word_1_157' title='bbox 473 2965 674 3029; x_wconf 90' lang='lat' dir='ltr'>commissum</span> <span class='ocrx_word' id='word_1_158' title='bbox 701 2964 840 3028; x_wconf 88' lang='lat' dir='ltr'>atreum</span> <span class='ocrx_word' id='word_1_159' title='bbox 863 2963 894 3026; x_wconf 91' lang='lat' dir='ltr'>in</span> <span class='ocrx_word' id='word_1_160' title='bbox 918 2961 1041 3026; x_wconf 87' lang='lat' dir='ltr'>vincula</span> <span class='ocrx_word' id='word_1_161' title='bbox 1064 2961 1225 3045; x_wconf 89' lang='lat' dir='ltr'>abreptum</span> <span class='ocrx_word' id='word_1_162' title='bbox 1250 2957 1353 3033; x_wconf 86' lang='lat' dir='ltr'>luisse,</span> 
     </span>
     <span class='ocr_line' id='line_1_23' title="bbox 230 3058 1354 3148; baseline -0.008 -16"><span class='ocrx_word' id='word_1_163' title='bbox 230 3087 300 3132; x_wconf 90' lang='lat' dir='ltr'>cum</span> <span class='ocrx_word' id='word_1_164' title='bbox 330 3069 362 3132; x_wconf 89' lang='lat' dir='ltr'>in</span> <span class='ocrx_word' id='word_1_165' title='bbox 394 3087 487 3132; x_wconf 88' lang='lat' dir='ltr'>causa</span> <span class='ocrx_word' id='word_1_166' title='bbox 518 3066 672 3145; x_wconf 77' lang='grc' dir='ltr'>ἐνδείξεως</span> <span class='ocrx_word' id='word_1_167' title='bbox 703 3066 904 3148; x_wconf 85' lang='lat' dir='ltr'>magistratus</span> <span class='ocrx_word' id='word_1_168' title='bbox 936 3065 975 3130; x_wconf 96' lang='lat' dir='ltr'>ad</span> <span class='ocrx_word' id='word_1_169' title='bbox 1006 3065 1109 3129; x_wconf 89' lang='lat' dir='ltr'>locum</span> <span class='ocrx_word' id='word_1_170' title='bbox 1131 3061 1276 3128; x_wconf 84' lang='lat' dir='ltr'>facinoris</span> <span class='ocrx_word' id='word_1_171' title='bbox 1299 3058 1354 3124; x_wconf 93' lang='lat' dir='ltr'>ad-</span> 
     </span>
     <span class='ocr_line' id='line_1_24' title="bbox 230 3163 1353 3255; baseline -0.008 -20"><span class='ocrx_word' id='word_1_172' title='bbox 230 3171 400 3250; x_wconf 74' lang='lat' dir='ltr'>duceretur,</span> <span class='ocrx_word' id='word_1_173' title='bbox 432 3170 468 3234; x_wconf 90' lang='lat' dir='ltr'>ut</span> <span class='ocrx_word' id='word_1_174' title='bbox 499 3171 565 3255; x_wconf 87' lang='lat' dir='ltr'>ipse</span> <span class='ocrx_word' id='word_1_175' title='bbox 596 3169 772 3234; x_wconf 89' lang='lat' dir='ltr'>maleficum</span> <span class='ocrx_word' id='word_1_176' title='bbox 804 3169 969 3253; x_wconf 89' lang='lat' dir='ltr'>corriperet</span> <span class='ocrx_word' id='word_1_177' title='bbox 979 3168 1015 3250; x_wconf 81' lang='lat'>³).</span> <span class='ocrx_word' id='word_1_178' title='bbox 1070 3165 1158 3248; x_wconf 80' lang='lat' dir='ltr'>Quod</span> <span class='ocrx_word' id='word_1_179' title='bbox 1180 3163 1353 3250; x_wconf 90' lang='lat' dir='ltr'>paullulum</span> 
     </span>
     <span class='ocr_line' id='line_1_25' title="bbox 230 3267 1355 3356; baseline -0.011 -18"><span class='ocrx_word' id='word_1_180' title='bbox 230 3271 337 3338; x_wconf 90' lang='lat' dir='ltr'>aberat</span> <span class='ocrx_word' id='word_1_181' title='bbox 367 3274 405 3338; x_wconf 91' lang='lat' dir='ltr'>ab</span> <span class='ocrx_word' id='word_1_182' title='bbox 429 3273 529 3340; x_wconf 79' lang='lat' dir='ltr'>officio</span> <span class='ocrx_word' id='word_1_183' title='bbox 562 3293 675 3350; x_wconf 83' lang='lat' dir='ltr'>eorum,</span> <span class='ocrx_word' id='word_1_184' title='bbox 708 3274 760 3355; x_wconf 92' lang='lat' dir='ltr'>qui</span> <span class='ocrx_word' id='word_1_185' title='bbox 793 3275 912 3336; x_wconf 87' lang='lat' dir='ltr'>carceri</span> <span class='ocrx_word' id='word_1_186' title='bbox 935 3271 1106 3356; x_wconf 87' lang='lat' dir='ltr'>praeerant.</span> <span class='ocrx_word' id='word_1_187' title='bbox 1153 3268 1236 3350; x_wconf 89' lang='lat' dir='ltr'>Apte</span> <span class='ocrx_word' id='word_1_188' title='bbox 1258 3267 1355 3348; x_wconf 89' lang='lat' dir='ltr'>igitur</span> 
     </span>
     <span class='ocr_line' id='line_1_26' title="bbox 229 3367 1355 3462; baseline -0.009 -22"><span class='ocrx_word' id='word_1_189' title='bbox 229 3378 414 3443; x_wconf 83' lang='lat' dir='ltr'>Aristoteles</span> <span class='ocrx_word' id='word_1_190' title='bbox 437 3379 530 3443; x_wconf 84' lang='lat' dir='ltr'>verba</span> <span class='ocrx_word' id='word_1_191' title='bbox 552 3379 596 3442; x_wconf 85' lang='lat' dir='ltr'>sic</span> <span class='ocrx_word' id='word_1_192' title='bbox 618 3377 788 3462; x_wconf 87' lang='lat' dir='ltr'>disposuit:</span> <span class='ocrx_word' id='word_1_193' title='bbox 820 3375 1044 3440; x_wconf 83' lang='lat' dir='ltr'>undecimviros</span> <span class='ocrx_word' id='word_1_194' title='bbox 1072 3391 1130 3436; x_wconf 89' lang='lat' dir='ltr'>non</span> <span class='ocrx_word' id='word_1_195' title='bbox 1155 3371 1255 3436; x_wconf 88' lang='lat' dir='ltr'>solum</span> <span class='ocrx_word' id='word_1_196' title='bbox 1278 3367 1355 3432; x_wconf 90' lang='lat' dir='ltr'>furti</span> 
     </span>
     <span class='ocr_line' id='line_1_27' title="bbox 230 3471 1353 3566; baseline -0.009 -22"><span class='ocrx_word' id='word_1_197' title='bbox 230 3498 306 3560; x_wconf 90' lang='lat' dir='ltr'>reos,</span> <span class='ocrx_word' id='word_1_198' title='bbox 341 3499 401 3546; x_wconf 93' lang='lat' dir='ltr'>non</span> <span class='ocrx_word' id='word_1_199' title='bbox 435 3481 534 3546; x_wconf 89' lang='lat' dir='ltr'>solum</span> <span class='ocrx_word' id='word_1_200' title='bbox 557 3482 637 3545; x_wconf 90' lang='lat' dir='ltr'>bona</span> <span class='ocrx_word' id='word_1_201' title='bbox 659 3481 689 3544; x_wconf 94' lang='lat' dir='ltr'>in</span> <span class='ocrx_word' id='word_1_202' title='bbox 714 3480 836 3566; x_wconf 90' lang='lat' dir='ltr'>publico</span> <span class='ocrx_word' id='word_1_203' title='bbox 858 3476 1020 3543; x_wconf 85' lang='lat' dir='ltr'>vendenda</span> <span class='ocrx_word' id='word_1_204' title='bbox 1039 3475 1155 3560; x_wconf 90' lang='lat' dir='ltr'>judicio</span> <span class='ocrx_word' id='word_1_205' title='bbox 1178 3471 1353 3549; x_wconf 90' lang='lat' dir='ltr'>tradidisse,</span> 
     </span>
     <span class='ocr_line' id='line_1_28' title="bbox 230 3573 1354 3664; baseline -0.011 -16"><span class='ocrx_word' id='word_1_206' title='bbox 230 3587 283 3650; x_wconf 89' lang='lat' dir='ltr'>sed</span> <span class='ocrx_word' id='word_1_207' title='bbox 308 3585 402 3649; x_wconf 87' lang='lat' dir='ltr'>etiam</span> <span class='ocrx_word' id='word_1_208' title='bbox 426 3603 533 3650; x_wconf 88' lang='lat' dir='ltr'>causas</span> <span class='ocrx_word' id='word_1_209' title='bbox 558 3583 724 3661; x_wconf 80' lang='grc' dir='ltr'>ἐνδείξεως.</span> <span class='ocrx_word' id='word_1_210' title='bbox 780 3582 863 3662; x_wconf 82' lang='lat' dir='ltr'>Quas</span> <span class='ocrx_word' id='word_1_211' title='bbox 885 3599 946 3646; x_wconf 90' lang='lat' dir='ltr'>nen</span> <span class='ocrx_word' id='word_1_212' title='bbox 968 3581 1060 3664; x_wconf 89' lang='lat' dir='ltr'>plane</span> <span class='ocrx_word' id='word_1_213' title='bbox 1083 3576 1256 3643; x_wconf 90' lang='lat' dir='ltr'>condicioni</span> <span class='ocrx_word' id='word_1_214' title='bbox 1274 3573 1354 3658; x_wconf 86' lang='lat' dir='ltr'>juri-</span> 
     </span>
     <span class='ocr_line' id='line_1_29' title="bbox 230 3675 1355 3770; baseline -0.012 -18"><span class='ocrx_word' id='word_1_215' title='bbox 230 3707 288 3770; x_wconf 89' lang='lat' dir='ltr'>que</span> <span class='ocrx_word' id='word_1_216' title='bbox 325 3687 606 3753; x_wconf 89' lang='lat' dir='ltr'>undecimvirorum</span> <span class='ocrx_word' id='word_1_217' title='bbox 637 3687 830 3767; x_wconf 83' lang='lat' dir='ltr'>respondisse</span> <span class='ocrx_word' id='word_1_218' title='bbox 862 3684 932 3748; x_wconf 90' lang='lat' dir='ltr'>inde</span> <span class='ocrx_word' id='word_1_219' title='bbox 964 3701 1083 3765; x_wconf 90' lang='lat' dir='ltr'>quoqne</span> <span class='ocrx_word' id='word_1_220' title='bbox 1116 3679 1234 3756; x_wconf 91' lang='lat' dir='ltr'>elucet,</span> <span class='ocrx_word' id='word_1_221' title='bbox 1273 3675 1355 3758; x_wconf 87' lang='lat' dir='ltr'>quod</span> 
     </span>
     <span class='ocr_line' id='line_1_30' title="bbox 230 3777 1354 3874; baseline -0.011 -20"><span class='ocrx_word' id='word_1_222' title='bbox 230 3791 456 3856; x_wconf 86' lang='lat' dir='ltr'>thesmothetae</span> <span class='ocrx_word' id='word_1_223' title='bbox 480 3791 599 3874; x_wconf 85' lang='lat' dir='ltr'>partem</span> <span class='ocrx_word' id='word_1_224' title='bbox 621 3791 730 3856; x_wconf 90' lang='lat' dir='ltr'>harum</span> <span class='ocrx_word' id='word_1_225' title='bbox 754 3807 913 3855; x_wconf 88' lang='lat' dir='ltr'>causarum</span> <span class='ocrx_word' id='word_1_226' title='bbox 939 3787 999 3852; x_wconf 91' lang='lat' dir='ltr'>sibi</span> <span class='ocrx_word' id='word_1_227' title='bbox 1021 3782 1263 3850; x_wconf 86' lang='lat' dir='ltr'>vindicaverunt.</span> <span class='ocrx_word' id='word_1_228' title='bbox 1303 3777 1354 3844; x_wconf 83' lang='lat' dir='ltr'>Sic</span> 
     </span>
     <span class='ocr_line' id='line_1_31' title="bbox 230 3883 1355 3976; baseline -0.007 -20"><span class='ocrx_word' id='word_1_229' title='bbox 230 3893 292 3959; x_wconf 90' lang='lat' dir='ltr'>iere</span> <span class='ocrx_word' id='word_1_230' title='bbox 330 3894 483 3959; x_wconf 86' lang='lat' dir='ltr'>sententia</span> <span class='ocrx_word' id='word_1_231' title='bbox 513 3895 700 3960; x_wconf 83' lang='lat' dir='ltr'>Aristotelea</span> <span class='ocrx_word' id='word_1_232' title='bbox 736 3893 899 3976; x_wconf 84' lang='lat' dir='ltr'>interjecta</span> <span class='ocrx_word' id='word_1_233' title='bbox 936 3889 1075 3971; x_wconf 88' lang='lat' dir='ltr'>intellegi</span> <span class='ocrx_word' id='word_1_234' title='bbox 1112 3887 1231 3972; x_wconf 87' lang='lat' dir='ltr'>potest,</span> <span class='ocrx_word' id='word_1_235' title='bbox 1270 3883 1355 3948; x_wconf 89' lang='lat' dir='ltr'>nullo</span> 
     </span>
     <span class='ocr_line' id='line_1_32' title="bbox 228 3987 1355 4080; baseline -0.008 -19"><span class='ocrx_word' id='word_1_236' title='bbox 228 3996 336 4080; x_wconf 85' lang='lat' dir='ltr'>ignoto</span> <span class='ocrx_word' id='word_1_237' title='bbox 368 3998 460 4079; x_wconf 87' lang='lat' dir='ltr'>atque</span> <span class='ocrx_word' id='word_1_238' title='bbox 492 3998 621 4063; x_wconf 86' lang='lat' dir='ltr'>obscuro</span> <span class='ocrx_word' id='word_1_239' title='bbox 645 3997 821 4062; x_wconf 84' lang='lat' dir='ltr'>Aristotelis</span> <span class='ocrx_word' id='word_1_240' title='bbox 854 3993 1028 4060; x_wconf 89' lang='lat' dir='ltr'>adversario</span> <span class='ocrx_word' id='word_1_241' title='bbox 1058 4011 1094 4056; x_wconf 85' lang='lat' dir='ltr'>ex</span> <span class='ocrx_word' id='word_1_242' title='bbox 1115 3989 1221 4055; x_wconf 84' lang='lat' dir='ltr'>inferis</span> <span class='ocrx_word' id='word_1_243' title='bbox 1244 3987 1355 4052; x_wconf 89' lang='lat' dir='ltr'>elicito.</span> 
     </span>
    </p>
   </div>
   <div class='ocr_carea' id='block_1_4' title="bbox 230 4189 486 4198">
    <p class='ocr_par' dir='ltr' id='par_1_4' title="bbox 230 4189 486 4198">
     <span class='ocr_line' id='line_1_33' title="bbox 230 4189 486 4198; baseline 0.008 -2"><span class='ocrx_word' id='word_1_244' title='bbox 230 4189 486 4198; x_wconf 76' lang='lat'><em>——.-—--—.</em></span> 
     </span>
    </p>
   </div>
   <div class='ocr_carea' id='block_1_5' title="bbox 333 4301 1245 4546">
    <p class='ocr_par' dir='ltr' id='par_1_5' title="bbox 333 4301 1245 4546">
     <span class='ocr_line' id='line_1_34' title="bbox 334 4301 1245 4376; baseline -0.012 -12"><span class='ocrx_word' id='word_1_245' title='bbox 334 4310 358 4376; x_wconf 80' lang='lat'>1)</span> <span class='ocrx_word' id='word_1_246' title='bbox 374 4309 508 4362; x_wconf 85' lang='lat' dir='ltr'>Barichtc</span> <span class='ocrx_word' id='word_1_247' title='bbox 526 4309 576 4361; x_wconf 88' lang='lat' dir='ltr'>der</span> <span class='ocrx_word' id='word_1_248' title='bbox 594 4308 684 4361; x_wconf 80' lang='lat' dir='ltr'>sdcbs.</span> <span class='ocrx_word' id='word_1_249' title='bbox 704 4305 769 4360; x_wconf 83' lang='lat' dir='ltr'>Ges.</span> <span class='ocrx_word' id='word_1_250' title='bbox 789 4305 813 4359; x_wconf 92' lang='lat' dir='ltr'>d.</span> <span class='ocrx_word' id='word_1_251' title='bbox 834 4305 917 4358; x_wconf 86' lang='lat' dir='ltr'>Wiss.</span> <span class='ocrx_word' id='word_1_252' title='bbox 940 4302 1013 4357; x_wconf 87' lang='lat'>1891.</span> <span class='ocrx_word' id='word_1_253' title='bbox 1033 4317 1058 4370; x_wconf 90' lang='lat' dir='ltr'>p.</span> <span class='ocrx_word' id='word_1_254' title='bbox 1077 4302 1119 4356; x_wconf 80' lang='lat'>54.</span> <span class='ocrx_word' id='word_1_255' title='bbox 1139 4315 1201 4355; x_wconf 91' lang='lat' dir='ltr'>ann.</span> <span class='ocrx_word' id='word_1_256' title='bbox 1222 4301 1245 4353; x_wconf 96' lang='lat'>1.</span> 
     </span>
     <span class='ocr_line' id='line_1_35' title="bbox 334 4391 902 4460; baseline -0.004 -16"><span class='ocrx_word' id='word_1_257' title='bbox 334 4394 361 4460; x_wconf 87' lang='grc'>2)</span> <span class='ocrx_word' id='word_1_258' title='bbox 380 4395 572 4448; x_wconf 86' lang='lat' dir='ltr'>Wilamowitz</span> <span class='ocrx_word' id='word_1_259' title='bbox 590 4393 607 4445; x_wconf 90' lang='lat' dir='ltr'>l.</span> <span class='ocrx_word' id='word_1_260' title='bbox 626 4393 642 4446; x_wconf 90' lang='lat' dir='ltr'>l.</span> <span class='ocrx_word' id='word_1_261' title='bbox 663 4391 680 4444; x_wconf 89' lang='grc' dir='ltr'>Ι,</span> <span class='ocrx_word' id='word_1_262' title='bbox 701 4391 759 4443; x_wconf 80' lang='lat'>222.</span> <span class='ocrx_word' id='word_1_263' title='bbox 779 4405 842 4444; x_wconf 88' lang='lat' dir='ltr'>ann.</span> <span class='ocrx_word' id='word_1_264' title='bbox 862 4391 902 4442; x_wconf 82' lang='lat'>71.</span> 
     </span>
     <span class='ocr_line' id='line_1_36' title="bbox 333 4477 1063 4546; baseline -0.007 -12"><span class='ocrx_word' id='word_1_265' title='bbox 333 4483 361 4546; x_wconf 77' lang='lat'>3)</span> <span class='ocrx_word' id='word_1_266' title='bbox 379 4481 767 4546; x_wconf 76' lang='lat' dir='ltr'>Merar-schumann-Lipsius,</span> <span class='ocrx_word' id='word_1_267' title='bbox 786 4479 841 4532; x_wconf 79' lang='lat' dir='ltr'>Ab.</span> <span class='ocrx_word' id='word_1_268' title='bbox 861 4478 941 4530; x_wconf 86' lang='lat' dir='ltr'>Proa.</span> <span class='ocrx_word' id='word_1_269' title='bbox 961 4491 985 4542; x_wconf 89' lang='lat' dir='ltr'>p.</span> <span class='ocrx_word' id='word_1_270' title='bbox 1005 4477 1063 4529; x_wconf 81' lang='lat'>286.</span> 
     </span>
    </p>
   </div>
   <div class='ocr_carea' id='block_1_6' title="bbox 0 0 1708 5276">
    <p class='ocr_par' dir='ltr' id='par_1_6' title="bbox 0 0 1708 5276">
     <span class='ocr_line' id='line_1_37' title="bbox 0 0 1708 5276; baseline 0 0"><span class='ocrx_word' id='word_1_271' title='bbox 0 0 1708 5276; x_wconf 95' lang='lat' dir='ltr'> </span> 
     </span>
    </p>
   </div>
  </div>
 </body>
</html>
