3396 5278
867 543 929 606 110

300 741 315 768 ⁶
339 747 453 834 πόρους
510 747 701 832 ἀναγκάζειν
719 745 867 812 Ἀττικόν
883 745 1027 832 ἐμπόριον
1042 747 1083 810 τὰ
1102 745 1248 831 ἐμπόριον
1270 748 1306 810 τό
1333 747 1464 812 ἀστικόν

340 852 382 927 είς
397 853 433 916 τό
449 853 529 916 ἄστυ
548 849 696 938 κομίζειν.
720 847 746 936 β’
769 849 848 937 μέρη
882 851 953 924 τοὺς
985 848 1082 935 ἐμπό-
1101 850 1142 913 τὰ
1183 850 1238 914 δύο
1275 847 1353 935 μέρη
1392 854 1464 928 τοὺς

648 1033 650 1038 Ι
719 973 789 1037 ρους
819 952 1012 1037 ἀναγκάζειν
1040 953 1082 1029 εἰς
1101 951 1254 1038 ἐμπόρους
1273 953 1464 1038 ἀναγκάζειν

719 1059 754 1120 τὸ
778 1058 858 1120 ἄστυ
882 1055 1056 1142 κομίζειν“.
1101 1053 1157 1142 [εἰς
1171 1057 1208 1120 τό
1224 1058 1304 1120 ἄστυ
1324 1056 1463 1142 κομίζειν

1100 1159 1188 1225 addit
1209 1158 1295 1224 Suid.
1312 1159 1462 1244 ἐπιμελη·

1099 1261 1152 1327 ταί
1174 1263 1218 1346 gl.
1243 1259 1287 1348 21.

441 1465 528 1531 idem
550 1465 618 1532 fons
641 1465 771 1530 ultimus
787 1464 971 1530 Aristotelen
994 1467 1121 1548 apparet
1144 1467 1174 1530 in
1190 1467 1295 1548 glossa
1319 1469 1463 1552 μετρονό-

340 1589 406 1654 μοι,
430 1568 484 1635 ubi
506 1567 612 1635 lexicis
636 1567 897 1651 Harpocrationeo
921 1568 953 1633 et
975 1566 1163 1652 Segueriano
1185 1569 1214 1634 V
1236 1567 1368 1636 Photius
1391 1570 1463 1636 addi

338 1672 450 1756 potest.

264 1861 391 1925 Ανίοίοί.
416 1862 458 1926 51.
482 1860 513 1923 2.
581 1861 885 1944 Ηενρ.ο.ν.μετρο-
960 1861 1034 1927 [εκ.
1058 1861 1134 1943 seq.
1157 1861 1192 1926 V.
1260 1863 1349 1928 Ρίιοί.
1365 1883 1392 1929 s.
1408 1884 1435 1928 v.
1458 1855 1574 1949 μετρο-
1696 1871 1697 1904 1

579 1945 885 2031 νιμωι-ειιωοω.
1001 1948 1074 2014 278.
1097 1949 1152 2014 25.
1366 1949 1462 2035 αμα.

1696 1687 1697 1720 1

1696 1911 1697 1966 1

230 2099 428 2184 κληροῦνται
444 2099 544 2162 δὲκαὶ
580 2099 665 2186 ἀρχή
683 2121 728 2176 τις
743 2097 886 2186 Ἀθήνη·
925 2099 1117 2186 μετρονόμοι,
1149 2101 1231 2188 ἀρχή
1259 2104 1410 2188 ἄρχοντες
1425 2105 1509 2188 ἦσαν
1527 2105 1572 2168 10

241 2202 435 2287 μετρονόμοι,
452 2201 472 2264 5
489 2203 545 2286 μὲν
581 2203 627 2268 σίν
656 2204 741 2269 ἐστιν
771 2203 793 2288 ἡ
825 2211 887 2268 τῶν
924 2225 969 2281 τις
1053 2203 1232 2290 Ἀθήνησιν
1259 2209 1314 2272 τόν
1345 2207 1490 2292 ἀριθμόν,
1526 2208 1571 2271 ων

239 2306 390 2390 εἰςᾶστυ,
414 2307 485 2372 5δὲ
501 2309 544 2386 εἰς
581 2307 797 2394 μετρονόμων,
847 2304 888 2381 ὡς
923 2307 1075 2394 κληρωτη
1111 2308 1133 2393 ἡ
1171 2315 1232 2372 τῶν
1260 2311 1280 2372 5
1312 2311 1368 2395 μὲν
1399 2310 1432 2374 ἐν
1463 2312 1568 2392 ἄστει,
1696 2303 1697 2354 i

239 2407 399 2494 Πειραιέα·
422 2414 478 2476 καί
493 2415 544 2476 οίι-
580 2411 747 2498 Δείναρχος
778 2411 811 2475 ἐν
842 2417 886 2494 τῷ
925 2411 1141 2497 μετρονόμων,
1191 2411 1232 2474 10
1260 2413 1280 2474 5
1312 2413 1338 2476 δ’
1365 2414 1399 2479 ἐν
1429 2413 1571 2498 Πειραιεῖ
1696 2395 1697 2464 1

238 2533 286 2577 τοι
322 2523 384 2580 τῶν
426 2517 544 2602 μέτρων
579 2518 665 2580 κατὰ
701 2512 887 2580 Καλλισθέ-
924 2518 978 2581 τόν
1008 2515 1154 2603 ἀριθμόν,
1188 2515 1231 2581 ὢν
1260 2519 1316 2580 καὶ
1332 2517 1570 2602 εἶχοντηνέπι·
1696 2501 1697 2594 ί

238 2619 293 2682 καί
313 2626 375 2682 τῶν
391 2622 544 2706 σταθμῶν
578 2639 659 2694 νους.
684 2620 768 2702 ησαν
784 2617 818 2680 δὲ
834 2619 887 2682 τόν
923 2620 1115 2704 5μὲνησαν
1138 2621 1231 2706 ἐντῷ
1262 2620 1401 2707 μέλειαν,
1426 2623 1509 2698 όπως
1525 2619 1570 2684 δί-

239 2721 458 2807 ἐπιμελοῦνται
467 2722 544 2788 ποίν-
580 2722 713 2806 ἀριθμὸν
734 2719 815 2799 10,5
831 2721 887 2805 μὲν
923 2721 1074 2806 Πειραιεῖ,
1100 2724 1120 2786 5
1142 2725 1176 2789 δὲ
1199 2725 1232 2789 ἐν
1260 2726 1380 2810 καιαη
1406 2727 1446 2789 τὰ
1471 2723 1572 2810 μέτρα

239 2842 312 2906 των,
337 2823 419 2901 όπως
437 2825 465 2890 οἱ
480 2848 543 2891 πω-
580 2826 622 2902 εἰς
640 2825 785 2908 Πειραιᾶ,
810 2823 830 2886 5
853 2824 886 2887 δὲ
924 2828 1024 2890 ἄστει.
1071 2829 1156 2891 οὔτοι
1198 2829 1231 2892 δὲ
1260 2837 1322 2894 τῶν
1343 2829 1544 2896 πωλούντων.

237 2923 362 3003 λοῦντες
371 2927 545 3014 χρήσονται
580 2930 622 3006 εἰς
660 2931 758 3013 ἄστυ,
799 2927 896 3013 είχον
924 2931 983 3015 την
993 2929 1173 3015 ἐπιμέλειαν
1189 2934 1232 2997 εί-

236 3027 376 3106 δικαίοις.
580 3034 682 3118 δὲτὴν
692 3031 884 3118 ἐπιμέλειαν,
924 3053 994 3120 χον,
1020 3035 1103 3112 ὅπως
1125 3035 1232 3102 δίκαια

579 3138 662 3213 όπως
685 3136 790 3200 δίκαια
809 3137 830 3220 η
847 3135 887 3198 τὰ
923 3139 1009 3222 ητα
1041 3137 1138 3224 μίτρα
1170 3148 1233 3206 τῶν
1303 3159 1339 3194 u*

580 3239 677 3326 μὲτρα
717 3247 780 3304 τῶν
823 3261 886 3303 πω·
924 3241 1123 3308 πωλούντων.

579 3343 728 3427 λοόντων,
763 3342 804 3419 ὡς
833 3343 888 3406 καί

578 3445 803 3532 Ἀριστοτέλης
855 3445 888 3511 ἐν

577 3559 618 3635 τῇ
632 3549 815 3636 Ἀθηναίων
831 3571 886 3614 πο-

578 3653 678 3739 λιτεία
703 3653 806 3740 δηλοῖ.

439 3839 547 3922 Neque
570 3842 660 3907 aliter
678 3843 882 3927 judicandum
907 3843 955 3907 esi
977 3843 1014 3906 de
1037 3845 1233 3926 agoranomis
1256 3843 1386 3910 Aristot.
1411 3843 1462 3906 51.

339 3942 354 4004 l
389 3941 511 4008 collatis
534 3945 647 4027 glossis
669 3944 820 4027 Harpocr.
845 3965 869 4010 S.
892 3965 921 4011 v.
946 3945 1146 4031 ἀγορανόμοι,
1171 3948 1229 4012 lex.
1253 3948 1291 4012 V.
1317 3946 1388 4012 199.
1411 3945 1462 4026 24,

303 4099 307 4109 .
337 4045 396 4110 lex.
420 4043 491 4130 Seg.
516 4046 571 4111 Vi.
595 4045 668 4110 330.
688 4048 736 4132 ,13
771 4047 870 4132 (Suid.
903 4069 927 4114 s.
951 4069 983 4124 ν,
1013 4049 1223 4136 ἀγορανομίας
1247 4078 1286 4107 =
1311 4051 1368 4118 lex,
1392 4051 1462 4136 Seg.

335 4148 390 4212 VI.
414 4149 488 4214 330.
514 4149 553 4213 17
586 4153 625 4226 -Ι-
657 4150 700 4214 ib.
723 4150 797 4217 330.
826 4151 889 4236 13),
925 4151 962 4218 de
994 4154 1163 4236 astynomis
1195 4155 1326 4220 Aristoi.
1358 4153 1409 4218 50.
1433 4153 1462 4232 2,

335 4269 467 4334 quocum
492 4253 530 4317 cf.
553 4253 651 4336 Harp.
674 4273 698 4318 ι.
721 4274 750 4320 ν.
773 4257 805 4320 ei
827 4257 887 4322 lex.
911 4257 982 4340 Seg.
1005 4257 1060 4322 VI.
1084 4257 1156 4322 455.
1181 4257 1232 4337 25,
1271 4257 1309 4323 (1ο
1341 4259 1463 4323 curato·
1696 4293 1697 4336 γ

335 4354 422 4424 ribus
447 4373 585 4422 annonae
608 4356 739 4424 Arisioi.
765 4357 816 4422 51.
841 4359 861 4422 3
885 4378 955 4424 cum
977 4360 1075 4443 Harp.
1098 4379 1121 4426 s.
1146 4381 1175 4426 v.
1200 4387 1240 4418 =
1268 4361 1353 4426 Suid.
1376 4381 1401 4426 s.
1424 4381 1465 4438 ν,
1580 4355 1581 4358 '
1696 4353 1697 4390 ³

336 4457 396 4523 lex.
420 4457 490 4544 Seg.
514 4460 552 4526 V.
575 4460 649 4527 300.
674 4461 724 4542 19,
748 4462 840 4528 Phot.
866 4482 890 4528 ι.
906 4484 934 4530 v.
959 4464 1154 4547 comparatis.
1200 4463 1246 4529 De
1270 4464 1463 4530 curatoribus
