3408 5276
750 547 792 611 65

208 759 271 815 τῶν
292 750 408 815 ἕνδεκα
433 751 489 816 sub
512 751 607 818 finem
629 753 753 818 litterae
776 753 816 837 E)
844 754 899 818 eut
922 754 982 818 dno
1005 757 1128 820 tantum
1150 773 1262 838 genera
1284 775 1336 821 no-

206 853 328 918 minant
351 853 497 936 (Pausan.
510 854 535 932 1)
569 873 618 936 ap.
642 855 786 921 Eustath.
819 876 850 938 p.
885 857 978 922 1595.
1001 858 1044 921 39
1076 859 1107 922 et
1138 844 1222 923 Suid.
1252 877 1276 924 s.
1308 879 1335 925 v.

207 957 342 1020 ἕνδεκαε
376 955 514 1019 κλέπται
546 959 601 1020 καὶ
623 957 876 1042 ἀνδραποδισταί,
910 960 1005 1025 schol.
1038 961 1092 1024 Ar.
1116 959 1209 1044 Vesp.
1234 960 1333 1024 1108:

207 1057 449 1142 ἀνδραποδισταὶ
477 1060 532 1122 καὶ
554 1059 755 1144 leuceoron).
812 1061 912 1140 Quam
943 1063 982 1127 ob
1012 1081 1078 1127 rem
1101 1063 1155 1127 hos
1178 1063 1260 1128 varie
1283 1083 1337 1146 por

206 1163 326 1226 lexicon
357 1161 545 1227 rhetoricum
577 1183 613 1227 ex
635 1164 803 1230 Aristotele
826 1166 1009 1246 increvisse,
1038 1167 1129 1231 illum
1151 1167 1335 1248 opusculum

206 1265 243 1330 de
254 1265 427 1346 Republica
442 1266 679 1332 Atheniensium
695 1269 799 1350 ipsum
814 1268 927 1334 adiisse
944 1289 1062 1334 censeo.
1099 1269 1212 1334 Micam
1228 1269 1334 1335 Photii

206 1369 378 1435 doctrinam
401 1370 621 1453 magistratum
644 1375 746 1436 certae
771 1372 891 1437 cuidam
916 1374 1011 1438 aetati
1033 1373 1076 1436 40
1105 1391 1255 1438 annorum
1278 1373 1334 1437 ad·

205 1474 348 1538 strictum
371 1473 467 1538 fuisse
490 1474 525 1538 ut
547 1473 622 1538 satis
646 1475 805 1540 commode
829 1476 1021 1558 explicarem,
1057 1477 1135 1540 mihi
1157 1477 1243 1541 enixe
1265 1495 1332 1540 me-

206 1576 319 1640 ditanti
350 1595 409 1641 non
433 1577 573 1660 contigit.
619 1577 720 1642 Schol.
744 1579 819 1642 Luc.
842 1579 883 1643 II.
915 1599 944 1660 p.
969 1579 1033 1642 467
1056 1599 1085 1644 r.
1111 1578 1151 1643 19
1182 1579 1334 1660 quomodo

206 1700 242 1744 er
258 1681 426 1746 Aristotele
449 1681 596 1757 hauserit,
620 1682 732 1746 nescio.
779 1681 868 1762 Quod
891 1683 1019 1748 Polluce
1041 1681 1250 1747 intercedente
1274 1701 1333 1747 non
1406 1725 1416 1744 .

207 1784 324 1848 tactum
349 1801 416 1847 esse
439 1785 540 1848 certus
564 1783 642 1850 dico.
687 1785 824 1863 Amores,
849 1804 924 1867 quos
939 1785 1051 1850 Pollux
1068 1785 1101 1852 in
1117 1785 1225 1850 ceteris
1239 1784 1331 1848 huius

205 1886 393 1968 paragraphi
415 1887 555 1968 partibus
579 1887 743 1965 commisit,
779 1888 968 1972 Stojentin²)
1002 1888 1078 1952 mihi
1109 1889 1222 1952 melius
1246 1887 1334 1953 dete-

205 1990 285 2054 xisse
307 1990 339 2054 et
362 1989 510 2054 enodasse
533 1989 655 2054 ridetur
678 1989 952 2076 Wilamowitzio³t
984 2011 1082 2073 neque
1105 1992 1178 2056 huic
1200 1991 1333 2069 credam,

206 2094 341 2174 primum
365 2092 504 2157 Pollucis
536 2093 729 2158 enuntiatum
763 2094 802 2158 ad
833 2096 955 2176 tempus
979 2095 1042 2158 XII
1068 2095 1207 2160 tribuum
1228 2097 1264 2160 ut
1285 2113 1334 2158 re·

206 2197 326 2278 spiciat,
359 2211 483 2260 necesse
506 2215 581 2260 esse.
637 2196 778 2261 Primum
801 2197 961 2263 Pollucem
985 2199 1094 2276 solum,
1130 2199 1157 2262 si
1179 2197 1333 2263 Wilemo·

205 2299 299 2362 witnii
321 2299 535 2380 interpretatio
557 2318 629 2363 vera
653 2301 743 2377 esset,
768 2300 804 2364 de
823 2300 882 2364 hac
896 2319 929 2364 re
946 2301 1090 2365 certiores
1106 2319 1161 2364 nos
1178 2301 1333 2365 facturum

206 2419 281 2480 esse,
313 2401 346 2466 id
367 2403 471 2484 ipsum
502 2403 590 2467 nobis
613 2403 792 2484 scrupulum
814 2403 912 2468 inicit.
972 2403 1053 2468 Tum
1075 2405 1277 2469 Aristotelem
1300 2404 1332 2467 in

205 2506 244 2570 iis
266 2505 416 2584 partious,
442 2523 519 2586 quac
542 2507 607 2570 sine
630 2506 723 2570 dubio
747 2525 765 2570 a
787 2507 915 2572 Polluce
937 2507 1023 2572 nullo
1046 2507 1254 2572 intercedente
1278 2505 1332 2571 ad-

205 2608 322 2673 hibitae
345 2610 376 2674 et
400 2609 558 2690 excerptae
582 2610 665 2688 sunt,
696 2610 876 2692 saepissime
899 2610 1032 2694 collegia
1059 2610 1164 2676 decem
1185 2611 1330 2688 virorum,

204 2712 344 2777 tribuum
360 2711 478 2776 ratione
494 2712 611 2791 habita,
632 2714 801 2779 constituta
819 2733 885 2779 esse
907 2714 1017 2793 dicere,
1041 2714 1099 2778 hec
1123 2714 1332 2779 dubitationes

205 2816 325 2880 nostras
357 2816 450 2898 auget
482 2815 513 2879 et
544 2816 665 2898 opinari
697 2817 809 2881 saltem
839 2818 1003 2898 permittit,
1039 2817 1200 2882 Pollucem
1226 2819 1329 2898 ipsum

205 2917 264 2982 sibi
285 2919 364 2982 hanc
386 2917 636 2982 distributionem
660 2919 795 2997 finxisse,
818 2919 877 2984 etsi
899 2920 1000 2984 scriba
1022 2919 1113 2982 huius
1138 2918 1263 3000 collegii
1283 2917 1331 2982 iu-

205 3022 370 3104 scriptione
386 3041 412 3087 a.
427 3019 526 3106 323s2
543 3020 642 3103 (GJA.
655 3023 695 3086 Il.
708 3022 771 3084 811
785 3051 821 3078 =
835 3023 950 3100 Bdclrh‚
962 3021 1130 3086 Urkunden
1142 3020 1329 3107 nulnum.)

205 3125 431 3208 comprobatur.
478 3125 617 3207 Denique
640 3127 734 3191 verba
756 3127 939 3191 onomastici
958 3125 1055 3208 juste,
1088 3144 1125 3189 ne
1149 3124 1258 3203 dicam,
1278 3125 1330 3208 ju·

206 3229 282 3294 stius
306 3228 350 3293 sic
371 3229 451 3294 verti
473 3231 612 3310 possunt,
644 3230 679 3292 ut
703 3229 870 3312 lipsium),
895 3228 1061 3308 Gilbert⁵t‚
1085 3226 1244 3310 Busolt⁶)‚
1276 3227 1337 3290 alii.

206 3333 360 3396 focerunt:
405 3331 577 3412 Collegium
614 3331 757 3396 undecim
797 3332 870 3397 viris
908 3330 1123 3395 continebatur
1159 3347 1221 3392 una
1258 3347 1329 3394 cum

207 3435 322 3512 scriba;
355 3434 519 3499 decemviri
550 3454 566 3498 c
598 3434 730 3516 singulis
755 3435 795 3498 10
817 3433 959 3499 tribubus
992 3434 1184 3511 creabantur,
1218 3431 1329 3514 quibus

207 3538 305 3602 scriba
326 3537 507 3602 undecimus
530 3538 799 3604 adnumerabatur.

307 3641 421 3723 Magno
444 3641 607 3706 intervallo
630 3641 790 3724 interjecto
805 3641 991 3706 Aristoteles
1014 3639 1095 3720 apud
1114 3638 1274 3703 Pollucem
1296 3636 1327 3700 in

213 3879 467 3890 -——-—-——-

308 4048 333 4114 1)
351 4049 509 4103 Pausaniae
527 4049 556 4102 et
574 4049 705 4116 Dionysii
723 4049 775 4116 irg.
795 4048 857 4103 coll.
877 4049 1023 4103 Schwabe.
1043 4047 1074 4102 N.
1094 4047 1128 4102 79
1146 4061 1172 4114 p.
1192 4047 1250 4100 120.

307 4133 333 4201 2)
352 4135 370 4188 l.
388 4135 405 4187 l.
424 4149 450 4202 p.
469 4135 503 4188 27
521 4149 561 4202 sq.

305 4217 334 4286 3)
352 4221 370 4272 l.
388 4220 406 4272 l.
425 4219 444 4272 1.
463 4235 488 4286 p.
506 4220 565 4272 222.
585 4233 647 4273 ann.
667 4220 708 4273 70.
728 4233 753 4286 p.
773 4219 830 4273 296.

307 4303 337 4368 4)
354 4304 413 4358 Att.
431 4304 512 4359 Proc.
531 4319 557 4372 p.
575 4303 617 4358 81.

308 4387 336 4454 5)
356 4390 403 4444 Gr.
423 4390 567 4446 Staatsalt.
586 4390 620 4444 Il.
640 4405 665 4459 p.
684 4390 743 4444 285,

307 4476 333 4542 6)
353 4475 536 4531 Grieohischc
554 4477 658 4532 Steats-
677 4478 734 4531 und
751 4475 1067 4531 Rechtsalterthtimert
1096 4490 1121 4542 p.
1148 4475 1200 4530 233
1218 4488 1281 4528 ann.
1300 4471 1325 4522 5.

1138 4577 1155 4630 5
