3408 5276
794 541 833 604 41

251 765 278 808 a.
302 743 332 807 7.
356 742 390 826 8)
414 741 543 808 discissa
564 743 597 808 ct
619 743 785 809 dilacerata
809 747 865 810 cst.
921 745 953 809 Si
976 746 1201 828 supplementis
1224 746 1374 829 Blassii¹)

249 847 325 912 fides
340 846 435 911 tribui
451 848 562 929 potest,
585 847 808 928 Harpocration
824 847 863 912 ab
879 849 1048 913 Aristotele
1067 849 1158 933 longe
1182 868 1213 914 sc
1231 850 1374 915 removit.

253 951 313 1017 Sed
336 951 398 1016 sint
419 951 495 1016 haec
518 951 734 1033 supplementa
759 970 842 1030 vera,
874 971 911 1016 ne
942 956 1103 1034 expectare
1134 953 1258 1036 quidem
1282 953 1384 1018 dabo·

250 1072 318 1118 mus
333 1053 608 1136 Harpocrationem
626 1054 804 1132 Aristotelis
820 1055 960 1138 vestigiis
975 1074 1187 1139 ingressurum
1204 1075 1280 1134 esse,
1304 1057 1375 1138 quia

250 1157 338 1221 antea
362 1158 466 1239 aperte
489 1157 615 1236 dixerat,
643 1157 758 1240 optime
782 1159 916 1223 oratores
940 1158 1023 1240 ipsos
1047 1159 1125 1223 hanc
1147 1179 1212 1222 rem
1235 1159 1374 1223 illustra-

248 1261 347 1339 visse‚
379 1260 484 1342 itaque
515 1281 570 1342 per
592 1280 624 1325 se
648 1281 703 1344 par
726 1262 791 1340 est,
824 1255 1097 1344 Harpocrationem
1129 1261 1289 1338 auctores,
1322 1261 1374 1342 qui

248 1363 499 1429 manifestissime
532 1365 568 1428 de
599 1366 646 1429 his
669 1365 759 1430 rebus
783 1365 1025 1448 disputaverunt,
1058 1365 1089 1428 in
1113 1365 1220 1447 primis
1244 1365 1374 1429 Aeschi-

248 1488 318 1533 nem
342 1471 483 1534 seoutum
509 1487 584 1548 esse,
618 1471 651 1534 at
683 1488 741 1533 non
773 1487 854 1546 eum,
890 1487 981 1551 quem
1004 1468 1136 1532 secundo
1160 1470 1283 1533 tantum
1306 1468 1373 1533 loco
1418 1553 1421 1560 Ι

247 1573 396 1637 nominat.
442 1571 544 1636 Aliter
566 1574 614 1636 est
632 1571 835 1656 judicandum
859 1571 896 1635 dc
920 1571 1024 1654 glossa
1046 1569 1204 1655 πωληταί,
1230 1570 1283 1635 ubi
1305 1571 1373 1654 Hy·

248 1674 368 1757 parides
392 1677 423 1739 et
438 1675 624 1740 Aristoteles
647 1695 709 1740 una
732 1675 907 1752 laudantur,
932 1675 985 1738 sed
1009 1675 1062 1752 ita,
1087 1673 1253 1738 utstatim
1277 1692 1373 1755 appa·

247 1781 323 1856 reat,
346 1780 377 1843 in
400 1779 485 1844 illius
509 1780 645 1844 oratione
667 1779 748 1844 hunc
770 1779 990 1862 magistratum
1014 1780 1296 1856 commemoratum,
1320 1777 1373 1842 sed

247 1901 308 1946 non
331 1883 454 1948 uberius
478 1883 665 1966 explicatum
696 1903 772 1962 csse,
805 1902 898 1966 qnam
931 1883 969 1948 ob
1000 1902 1065 1947 rem
1097 1883 1266 1964 exspectari
1288 1881 1372 1957 licet,

248 1985 521 2070 Harpocrationem
552 1987 610 2051 hoc
639 1987 707 2052 loco
739 1986 957 2068 philosophum
990 2006 1048 2051 non
1073 1987 1270 2068 aspernatum
1294 2004 1371 2049 ossa.

247 2090 350 2170 Atque
371 2107 403 2153 re
426 2107 507 2166 vena,
541 2088 567 2152 si
589 2089 669 2154 hanc
691 2091 826 2173 glossam
851 2109 920 2152 cum
946 2091 999 2154 Ar.
1024 2108 1088 2171 cap.
1114 2088 1165 2152 47.
1190 2089 1210 2151 2
1233 2089 1372 2154 contule·

245 2193 353 2271 rimus,
378 2211 489 2275 negare
512 2211 573 2258 non
596 2194 776 2275 poterimus,
802 2193 1017 2258 auctoritatem
1043 2192 1221 2257 Aristotelis
1244 2210 1372 2274 magno·

246 2315 320 2378 poro
352 2296 486 2362 valuisse
518 2297 549 2361 in
581 2297 685 2380 glossa
716 2296 980 2379 Harpocrationea
1010 2295 1236 2360 conscribenda.
1286 2295 1370 2359 Idem

247 2400 487 2478 observabimus,
520 2401 547 2466 si
577 2401 711 2483 reliquas
744 2400 819 2465 (luas
850 2401 969 2484 glossas
1001 2397 1169 2484 διαιτηταί,
1202 2397 1372 2482 πρυτανεία

246 2507 279 2568 et
299 2504 354 2568 Ar.
378 2504 481 2585 capita
503 2503 554 2568 53.
578 2503 608 2582 2,
634 2504 685 2567 43.
709 2502 729 2564 2
752 2504 834 2568 inter
856 2522 923 2568 sese
947 2503 1245 2584 comparaverimus:
1278 2503 1371 2566 verba

245 2607 416 2686 mutantur,
448 2607 603 2672 sententia
634 2607 741 2672 eadem
769 2609 825 2672 ost.
880 2607 979 2688 igitur
1001 2606 1062 2671 alia
1083 2605 1134 2671 via
1157 2605 1196 2670 ad
1219 2606 1300 2670 idem
1323 2625 1370 2670 re·

246 2711 396 2790 ducimur,
428 2713 463 2776 ut
490 2730 635 2794 negamus
659 2711 934 2792 Harpocrationem
956 2729 1103 2792 umquam
1127 2710 1271 2794 outhynis
1294 2710 1370 2790 logi-

244 2815 362 2880 starum
386 2814 488 2880 officia
509 2814 655 2880 tribuisse
678 2816 709 2878 et
732 2813 930 2897 conjiciamus
962 2816 1041 2878 bano
1073 2817 1211 2896 glossam
1245 2832 1304 2876 non
1329 2815 1371 2875 in·

244 2921 366 3000 tagram
391 2937 489 3000 usque
512 2918 551 2982 ad
574 2923 718 3000 tempora
743 2922 848 2982 nostra
873 2920 1038 2982 mansisse.

243 3251 269 3340 ξ
302 3251 336 3320 7.
401 3251 518 3337 lnde,
557 3251 666 3340 quod
696 3251 946 3320 Aristoteles
984 3252 1180 3320 nonnulla
1218 3253 1367 3338 omisit,

244 3390 351 3460 quae
375 3370 537 3440 aliunde
560 3373 658 3440 nota
682 3374 789 3457 sunt,
820 3392 902 3439 non
926 3372 1122 3460 sequitur,
1147 3374 1190 3440 ut
1213 3373 1367 3442 fontem

343 3492 545 3581 quendam
569 3492 715 3562 litteris
740 3492 975 3562 mandatum
1000 3495 1264 3564 contraxerit.

347 3678 435 3759 Quod
468 3680 597 3762 denique
629 3681 814 3746 Aristoteles
846 3699 912 3763 cap.
945 3682 986 3744 55
1024 3701 1082 3746 non
1118 3682 1194 3746 dicit
1224 3699 1366 3746 coronam

243 3784 394 3866 myrteam
417 3785 537 3866 insigne
561 3802 669 3848 novem
692 3785 872 3850 archontum
896 3785 1000 3864 larissa,
1033 3803 1104 3850 cum
1127 3785 1180 3849 alii
1203 3785 1367 3868 scriptores

243 3885 329 3951 illins
351 3887 395 3950 rei
417 3889 602 3953 mentionem
626 3888 786 3969 faciant²),
819 3889 851 3952 id
883 3908 942 3954 non
973 3889 1074 3972 magis
1097 3889 1124 3953 ei
1148 3889 1270 3953 crimini
1292 3889 1367 3953 dan-

244 3989 318 4054 dum
341 3993 398 4069 est,
430 4011 521 4074 quam
553 3992 634 4075 quod
665 4012 724 4057 non
752 3995 913 4059 annotavit
945 3995 1106 4059 archontes
1139 4013 1264 4059 munero
1297 4013 1366 4076 per·

242 4213 501 4222 ——u—-u-

348 4379 374 4448 1)
394 4381 436 4434 ed.
456 4381 486 4433 ll.
505 4395 530 4448 p.
551 4378 600 4433 103
619 4394 645 4433 v,
664 4381 681 4433 3
699 4395 733 4446 sq

345 4467 372 4532 2)
391 4466 583 4522 Wilamowita
604 4466 621 4520 l.
641 4466 692 4520 243
714 4482 777 4520 cum
796 4472 854 4522 not.
876 4469 932 4522 116.
