3396 5278
866 529 928 594 102

326 733 485 800 contrario
522 734 629 798 noster
660 732 740 798 liber
769 733 989 816 interpretibus
1022 735 1179 799 oratorum
1210 731 1461 816 comicorumque

333 836 498 902 atticorum
519 836 641 919 egregie
663 835 789 916 profuit.
834 833 1061 918 Cuiuscumque
1085 835 1192 917 postea
1214 835 1364 900 intererat
1386 853 1459 918 cog·

334 957 467 1018 noscere,
491 957 568 1020 quae
584 938 699 1002 luerint
712 937 814 1003 officia
829 938 1022 1016 archontum,
1045 937 1273 1020 apodectarum,
1297 936 1462 1002 undecim·

325 1043 478 1120 'uirorum
509 1041 702 1125 legistamm,
736 1041 950 1124 euthymium,
985 1040 1022 1106 ad
1055 1059 1132 1123 quae
1164 1041 1231 1105 fora
1254 1039 1375 1104 diversa
1398 1041 1461 1104 cri·

332 1145 452 1209 minum
482 1163 597 1228 genera
627 1142 730 1208 delata
761 1144 833 1221 sint,
866 1145 948 1208 hunc
979 1143 1122 1226 inprimis
1147 1143 1262 1207 librum
1285 1142 1459 1216 evellebat

334 1248 373 1313 ad
394 1247 595 1312 Aristotelem
624 1265 656 1311 sa
680 1246 876 1312 convertebat
899 1247 931 1311 et
952 1246 1044 1312 huius
1067 1246 1198 1312 seientia
1219 1246 1361 1310 lacunam
1385 1263 1462 1310 suae

334 1351 482 1416 scientiae
506 1350 627 1432 explere
649 1349 803 1415 studebat.
848 1349 899 1414 Sic
921 1350 950 1414 in
977 1349 1177 1415 fundamento
1201 1348 1368 1413 Aristotele
1391 1348 1459 1412 tota

332 1417 554 1538 antiquitatum
573 1453 809 1517 Atheniensium
834 1452 974 1518 doctrina
996 1453 1151 1519 exstructa
1175 1453 1221 1516 est
1244 1452 1275 1515 et
1298 1469 1395 1532 usque
1419 1449 1460 1513 ad

334 1558 501 1622 extremam
533 1555 774 1640 Byzantiuorum
804 1557 937 1621 aetatem
971 1557 1060 1622 bonis
1092 1555 1286 1622 Aristotelais
1318 1553 1461 1617 homines

333 1659 420 1724 fruiti
453 1661 534 1724 sunt.
588 1658 639 1724 Au
670 1677 747 1741 quae
773 1659 853 1725 bona
875 1659 1065 1744 divulganda
1089 1661 1196 1742 magni
1219 1657 1368 1724 momenti
1390 1675 1461 1722 esse

331 1764 433 1828 vuum
455 1763 503 1826 ast
525 1780 619 1825 unum
643 1762 761 1826 lexicon
784 1761 979 1837 rhetoricum,
1009 1762 1091 1844 quod
1113 1761 1292 1827 Aristotelis
1315 1760 1459 1825 libellum

331 1867 362 1929 in
395 1864 534 1948 singulas
567 1866 669 1946 partes
701 1863 850 1930 dissecuit
881 1869 912 1930 et
943 1865 982 1930 ad
1013 1884 1103 1931 usum
1135 1865 1327 1931 cotidianum
1353 1863 1453 1948 magis

333 1965 584 2044 accommodavit,
607 1967 667 2030 etsi
690 1967 784 2032 etiam
807 1969 943 2050 posteros
967 1968 1105 2034 homines
1129 1969 1319 2052 Byzantinus
1343 1968 1459 2033 aetatis

331 2069 473 2135 libellum
494 2070 595 2151 ipsum
619 2071 731 2152 legisse
755 2089 814 2136 non
838 2071 1014 2154 negandum
1038 2073 1086 2137 est
1110 2071 1133 2156 ).

680 2327 716 2408 q)
741 2327 769 2390 in
793 2328 899 2408 classe
924 2325 1109 2390 ἀδικίου.

433 2494 482 2559 Ne
512 2495 673 2562 vilissimis
708 2495 832 2579 quidem
865 2496 1006 2562 minutiis
1040 2501 1175 2580 exceptis
1206 2518 1242 2564 ex
1276 2498 1334 2564 hoc
1366 2517 1459 2581 opere

330 2598 494 2663 scientiam
526 2618 613 2664 suam
644 2599 921 2681 locupletaverunt.
968 2599 1098 2666 Causam
1124 2600 1244 2664 ἀδικίου
1269 2601 1459 2666 Aristoteles

330 2699 383 2766 54.
405 2701 426 2764 3
449 2705 670 2768 commemorat
700 2722 762 2768 una
794 2721 863 2767 cum
896 2704 996 2768 causis
1024 2702 1147 2788 κλοπῆς
1169 2706 1200 2768 οί
1223 2701 1341 2787 δώρων,
1376 2723 1459 2786 quae

331 2823 436 2870 omnes
467 2806 530 2870 tres
561 2807 679 2872 ratione
710 2806 831 2871 reddita
861 2807 893 2870 in
916 2825 983 2871 reos
1006 2807 1155 2872 constitui
1178 2807 1328 2872 solebant.
1372 2805 1458 2872 Nam

333 2909 490 2993 Hagnonis
513 2911 643 2994 rogatio,
667 2930 728 2994 qua
749 2910 800 2975 hio
822 2910 974 2976 Periclem
998 2911 1030 2975 in
1049 2911 1102 2995 jus
1125 2911 1247 2976 vocavit
1269 2909 1367 2992 (Plut.
1383 2910 1457 2974 Per,

330 3010 396 3095 32),
420 3012 528 3077 eodem
551 3013 656 3077 ordine
679 3013 735 3078 has
758 3031 866 3079 causas
890 3015 1053 3079 enumerat
1083 3014 1147 3077 εἴτε
1170 3012 1296 3097 κλοπῆς
1318 3015 1373 3076 κοιὶ
1395 3011 1455 3075 δώ-

331 3135 391 3196 ρων
414 3115 468 3177 εἶτ’
493 3113 626 3178 ἀδικίου.
682 3115 844 3180 Postrema
870 3135 906 3179 ex
928 3116 976 3180 his
1000 3133 1096 3197 usque
1120 3116 1159 3180 ad
1182 3115 1381 3181 Aristotelem
1406 3135 1454 3179 re-

332 3217 453 3298 pertum
476 3236 492 3282 e
515 3217 738 3302 lexicographis
762 3218 873 3299 solis²)
906 3219 993 3284 nobis
1017 3220 1141 3303 cognita
1164 3221 1239 3285 erat.
1284 3217 1375 3284 Nunc
1398 3239 1469 3302 apr

330 3321 428 3403 paret,
451 3322 512 3400 oui,
535 3340 745 3403 quaecumque
770 3321 807 3386 de
830 3321 888 3386 hac
910 3339 1004 3386 causa
1027 3323 1152 3402 seimus,
1176 3323 1352 3390 debeamus

373 3475 501 3540 Aristot.
525 3477 581 3540 54.
604 3476 636 3540 2.
717 3478 812 3559 Ηονρ.
823 3497 848 3541 s.
860 3497 888 3542 ν.
899 3476 1020 3542 ἀδικίου
1034 3504 1074 3534 =
1095 3479 1169 3544 tex.
1187 3480 1261 3561 ⁸09·
1278 3480 1314 3544 V.
1332 3481 1396 3546 199.
1409 3480 1455 3544 32

717 3564 932 3714 Ιοχὲὸοὲὑὶίὲί.
945 3565 1074 3715 24:2²⁹
1115 3591 1154 3620 =
1179 3565 1225 3630 Εί.
1249 3566 1291 3630 Μ.
1316 3567 1354 3631 17.
1378 3567 1434 3632 47.

330 3800 368 3863 ἂν
390 3797 417 3861 δ’
439 3799 559 3864 ἀδικεῖν
589 3821 688 3864 κοιτα-
716 3803 781 3867 οἷον
793 3803 998 3888 ἀδικήματος.
1024 3805 1074 3868 to·
1094 3805 1191 3890 ὄνομα
1236 3804 1326 3892 δίκης
1369 3808 1457 3870 κοιτοὶ

329 3910 455 3985 γνῶσιν,
491 3902 611 3967 ἀδικίου
645 3925 688 3967 τι·
716 3927 744 3969 τι
771 3907 807 3970 δὲ
838 3909 934 3989 ὄνομα
966 3906 1071 3993 δίκης.
1094 3916 1156 3972 τῶν
1200 3908 1342 3974 ὁπωσοῦν
1389 3909 1455 3974 ἀδι·

330 4012 441 4088 μῶοιν,
460 4005 638 4070 ἀποτίνεται
654 4007 688 4070 δὲ
716 4008 899 4073 ἀποτίνυτοιι
923 4009 957 4073 δὲ
984 4020 1075 4074 τοῦτο
1087 4011 1247 4094 lactucas.
1274 4022 1331 4098 τῆς
1354 4014 1387 4078 δὲ
1410 4014 1454 4078 δί-

434 4379 458 4443 l)
476 4377 667 4433 Wilamowita
685 4379 701 4434 l.
720 4379 737 4432 l.
756 4380 776 4434 l.
798 4394 823 4447 p.
842 4378 901 4434 295.

431 4465 458 4530 2)
476 4462 865 4534 Maior-Senomann-uipsius,
883 4469 939 4523 Art.
958 4469 1039 4528 Pron.
1058 4461 1084 4538 pL
1103 4471 1155 4526 426
1173 4486 1236 4528 ann.
1254 4472 1313 4528 662,
