3408 5276
891 506 912 570 8

800 597 1005 607 ⁴----—-—

342 733 396 797 per
411 714 550 779 constare
561 712 694 778 videtur:
712 712 727 776 1
741 731 771 794 p.
781 709 845 774 295
855 730 901 794 sq.
913 711 1009 776 efficit
1019 711 1178 777 Pollucem
1191 710 1278 776 VIIl.
1291 711 1329 796 §§
1338 711 1465 776 86-91

343 816 513 882 Aristotele
544 815 611 896 ipso
642 833 734 879 usum
760 832 842 892 esse,
872 813 1000 896 queml
1023 833 1053 896 p.
1077 813 1233 880 seusun.
1260 813 1467 879 recessere

343 919 481 986 eiusdem
492 917 698 1001 praestantiae
707 917 746 982 ab
757 917 1079 984 euotoreOnomastioi
1088 918 1268 1002 suppletum
1276 936 1343 982 osse
1354 917 1466 983 eredit:

342 1025 375 1088 at
396 1020 644 1104 Ip.470011ete
666 1039 737 1086 ann.
756 1020 794 1084 ll
819 1021 939 1109 statuit,
961 1021 1043 1084 huno
1059 1021 1163 1104 ipeum
1177 1020 1338 1086 Pollucem
1360 1020 1466 1087 eodem

341 1127 409 1192 loco
432 1145 492 1191 non
515 1125 631 1194 fontem
655 1143 746 1190 suum
768 1124 970 1190 Aristotelem
1001 1126 1127 1190 auctum
1153 1125 1244 1190 rebus
1267 1125 1392 1190 aliunde
1415 1144 1467 1208 pe·

340 1229 408 1293 titis
438 1227 577 1306 reddere,
609 1227 664 1293 sed
686 1227 804 1293 fontem
826 1228 957 1293 eundem
980 1247 998 1292 a
1020 1228 1148 1293 Polluce
1170 1228 1352 1311 diligentins
1374 1246 1467 1310 quem

341 1333 380 1397 ab
408 1331 577 1397 Aristotele
599 1332 776 1414 excerptum
799 1350 874 1397 esse.
920 1333 935 1396 I
957 1352 987 1414 p.
1004 1329 1067 1395 ‘255
1083 1351 1154 1396 ann.
1179 1330 1241 1394 146
1262 1330 1383 1412 glossae
1404 1332 1465 1396 lex.

343 1433 414 1518 Seg.
437 1434 466 1497 V
488 1432 563 1512 309,
585 1432 627 1498 32
650 1453 695 1517 sq.
719 1453 826 1516 parem
849 1435 1027 1500 Aristotelis
1050 1435 1151 1500 verbis
1178 1435 1394 1500 auctoritatem
1418 1436 1466 1500 at-

341 1537 453 1602 tribuit
467 1555 595 1619 cumque
606 1537 993 1620 ,paralleluberlieferung‘
1009 1539 1166 1615 nominat:
1183 1538 1216 1602 at
1231 1537 1246 1602 Ι
1261 1557 1290 1620 p.
1301 1536 1365 1601 295
1381 1537 1465 1614 dicit,

341 1660 374 1707 se
419 1642 611 1726 cognovisse,
661 1642 900 1723 magistratuum
932 1640 1181 1724 judiciorumque
1218 1641 1467 1724 descriptionem,

341 1761 434 1826 quem
456 1743 514 1808 hoc
536 1743 655 1808 lexicon
678 1745 780 1825 ipsum
805 1744 893 1810 uobis
918 1745 1088 1827 praeberet,
1122 1745 1261 1828 singulas
1291 1745 1324 1809 in
1346 1744 1466 1828 glossas

341 1845 494 1910 divulsam
521 1845 553 1908 in
576 1845 745 1910 Aristotele
767 1847 852 1912 fonte
874 1847 943 1914 niti.

443 1947 528 2028 Quae
551 1968 622 2015 cum
644 1949 689 2013 ite
711 1951 782 2028 sint,
815 1950 891 2016 mihi
923 1969 983 2015 non
1012 1969 1274 2034 superuacaneum
1296 1969 1363 2016 esse
1385 1949 1466 2015 vide-

340 2053 410 2131 tur,
444 2070 562 2130 censes,
598 2072 675 2136 quae
697 2052 974 2120 Wilamowitzinm
997 2056 1243 2133 commoverunt,
1281 2055 1317 2118 ut
1347 2053 1467 2136 praeter

341 2155 543 2221 Aristotelem
567 2155 698 2222 alterum
722 2157 832 2222 testem
856 2159 992 2240 poneret,
1017 2159 1188 2242 disquirere
1211 2159 1243 2224 et
1264 2157 1463 2240 perscrutari,

341 2277 416 2324 num
446 2277 479 2324 re
509 2279 582 2325 vera
603 2261 788 2328 Aristoteles
818 2261 883 2328 ullo
915 2263 1064 2344 scriptore
1095 2265 1127 2328 in
1159 2264 1216 2328 hee
1248 2263 1347 2344 operis
1379 2262 1466 2344 parte

339 2381 413 2428 usus
437 2363 488 2429 sit.
912 2391 914 2394 ·

385 2618 461 2708 fil.
506 2621 644 2690 Locus
668 2622 731 2690 Et.
754 2620 808 2689 Μ.
832 2620 990 2688 369.15
1023 2641 1046 2689 e
1070 2621 1230 2690 duabus
1254 2619 1412 2710 glossis

343 2723 599 2812 compositus
633 2725 711 2809 est,
745 2723 797 2793 cf.
829 2723 910 2792 lex.
935 2722 1029 2812 Seg.
1062 2723 1110 2791 V.
1143 2723 1231 2792 245.
1255 2723 1294 2791 17
1318 2727 1358 2804 -Ι-
1382 2723 1463 2793 lex.

553 2825 669 2893 Dem.
693 2825 824 2895 Petne.
849 2845 887 2912 p.
911 2824 1015 2912 15116
1041 2825 1093 2895 ad
1116 2825 1140 2914 ἕ
1162 2824 1245 2893 103.

441 3013 488 3075 Ae
519 3012 653 3094 primum
685 3010 810 3094 quidem
834 3010 1079 3093 Wilamowitz¹l
1111 3011 1240 3077 offendit
1269 3011 1301 3076 in
1333 3029 1400 3093 cap.
1423 3010 1465 3074 53

339 3111 520 3179 Aristotelei
541 3113 624 3194 libri,
647 3115 701 3179 ubi
723 3114 760 3178 de
784 3113 959 3200 διαιτηταῖς
982 3115 1159 3198 disputetur
1181 3116 1213 3180 et
1235 3114 1350 3180 diserte
1368 3132 1465 3179 enno-

338 3217 433 3295 tetnr,
458 3217 521 3282 duo
544 3218 640 3284 fuisse
663 3217 795 3284 Athenis
818 3237 932 3302 genera
955 3237 1193 3302 eponymorum:
1227 3219 1334 3306 φυλῶν
1357 3237 1464 3294 unum,

339 3320 471 3386 alterum
493 3321 635 3406 ἡλικιῶν.
681 3321 741 3402 Qui
763 3321 941 3388 Aristotelis
968 3323 1110 3388 libellum
1133 3342 1229 3406 usque
1252 3323 1291 3388 ad
1313 3321 1395 3386 hunc
1417 3322 1464 3384 lo·

338 3440 410 3486 oum
431 3423 623 3506 perlegisset,
651 3425 680 3489 ei
701 3425 773 3490 illos
796 3424 974 3511 ἐπωνύμους
996 3426 1103 3510 φυλῶν
1125 3444 1319 3508 nequaquam
1341 3423 1464 3506 ignotos

339 3543 414 3603 esse,
447 3543 523 3607 quos
547 3545 603 3592 suo
624 3527 701 3605 loeo,
730 3546 800 3594 oum
823 3527 862 3593 de
885 3529 1043 3594 Clisthene
1067 3530 1249 3611 disputaret.
1274 3543 1463 3592 commemo·

337 3629 468 3694 ravisset
491 3632 572 3712 (cap.
597 3629 649 3695 21.
672 3630 705 3716 6)
729 3634 760 3696 et
782 3631 934 3714 quomodo
950 3632 975 3695 'a
996 3631 1111 3714 Pythia
1126 3630 1278 3713 Delphica
1300 3648 1316 3693 e
1339 3629 1464 3692 centum

338 3731 503 3812 propositis
525 3731 652 3798 heroum
676 3733 851 3799 nominibus
874 3735 967 3798 electi
989 3735 1101 3811 essent.
1124 3733 1247 3816 longius
1266 3732 1462 3797 cenavisset.

339 3833 405 3898 Eos
427 3833 511 3916 ipsos
534 3835 629 3899 etiem
652 3835 757 3916 paullo
781 3835 852 3902 ante
875 3841 956 3918 (cap.
981 3836 1033 3900 48.
1057 3838 1092 3918 4)
1116 3835 1268 3914 attulisse,
1302 3836 1333 3900 et
1358 3833 1463 3917 paullo

338 3935 409 4018 post
441 3937 473 4000 in
505 3937 610 4003 eodem
635 3939 736 4020 capite
759 3939 824 4021 (53.
848 3941 884 4024 4)
916 3940 1003 4005 nullo
1035 3940 1247 4005 additamento
1276 3937 1463 4004 discriminis

337 4039 484 4122 adjuncto
506 4041 672 4106 eorundem
688 4044 878 4108 mentionem
901 4045 1011 4108 facere.
1043 4044 1088 4109 At
1108 4044 1176 4109 loco
1199 4043 1296 4109 altero
1319 4044 1351 4108 et
1371 4040 1463 4106 tertio

324 4142 522 4219 ‚Aristoteles
554 4163 662 4210 vocem
687 4144 842 4230 ἐπώνυμοι
875 4147 919 4212 sic
941 4148 1113 4230 usurpauit,
1145 4148 1181 4213 ut
1212 4149 1316 4213 tecum
1340 4151 1463 4212 eertum

335 4333 593 4344 ——-----......

440 4449 692 4519 1)1.1.1p.2at.
