3408 5276
910 548 949 612 14

372 751 487 836 ἱστορεῖ
510 751 542 815 ἐν
565 761 604 836 τῇ
629 749 731 837 Ἀδη·
1117 756 1145 925 l·

368 853 732 940 ναίωνπολιτείᾳῶημο-

372 959 490 1046 σδένης
501 959 525 1043 ¹)
541 959 573 1023 ἐν
583 958 732 1022 Φιλιππι-

370 1070 436 1126 κῶν
459 1061 618 1147 τετάρτῳ·
641 1063 733 1144 (sici)

376 1165 415 1248 ‚oi
446 1165 606 1250 λογοποιοὶ
640 1166 698 1249 (sio
711 1168 731 1249 Ε)
755 1164 825 1229 Lex.
845 1164 936 1229 Dem.
949 1163 1052 1230 Patm.
1065 1163 1114 1228 ed.

373 1271 428 1343 τὰς
450 1271 576 1354 πομπὰς
592 1269 732 1355 πομπεὺ-
755 1267 917 1334 Sakkelion
933 1287 963 1350 p.
977 1267 1015 1330 ll
1032 1269 1117 1332 κατὰ

373 1391 459 1434 ουσιν
482 1372 554 1458 ὑμῖν
570 1374 650 1458 μετὰ
670 1381 732 1436 τῶν
755 1371 915 1438 Φιλίππου
939 1372 980 1438 Α.
1014 1372 1032 1454 ξ
1059 1369 1113 1434 26.

371 1473 564 1558 iepororiir‘.
585 1475 731 1562 μήἀγνο-
755 1497 780 1542 s.
803 1476 824 1541 f.

370 1585 453 1662 ῶμεν
468 1578 514 1662 δὲ,
539 1581 586 1643 ὅτι
605 1581 660 1642 καὶ
675 1578 731 1642 ἀλ·
755 1578 862 1644 εἰσὶδὲ
877 1580 933 1642 καὶ
948 1577 1039 1642 ἄλλοι
1055 1585 1117 1641 τῶν
1132 1579 1191 1641 εἰσὶ
1231 1577 1265 1642 δὲ
1302 1578 1357 1641 καὶ
1402 1576 1493 1641 ἄλλοι

371 1679 420 1745 λοι
431 1681 506 1747 εἰσὶν
517 1682 660 1767 ἱεροποιοὶ
670 1689 732 1745 τῶν
756 1690 874 1767 σεμνῶν
897 1681 994 1746 θεῶν.
1133 1681 1277 1766 ἱεροποιοὶ
1292 1689 1354 1747 τῶν
1373 1689 1494 1766 σεμνῶν

372 1792 492 1868 σεμνῶν
535 1786 633 1868 θεῶν,
680 1787 732 1847 τὸν
1132 1786 1230 1870 θεῶν,
1264 1786 1295 1851 οἳ
1325 1787 1377 1850 τδν
1404 1784 1493 1869 aprr-

371 1887 506 1972 ἀριθμὸν
532 1887 623 1952 δέκα.
670 1887 733 1973 Δη-
1134 1891 1189 1976 ρον
1212 1890 1289 1954 εἰσιν
1311 1889 1460 1974 ἀόριστοι.

374 1989 531 2076 μοοθένης
548 1991 579 2055 ἐν
594 2000 638 2076 τῷ
648 1993 733 2054 κατα

372 2091 498 2156 Μειδίου
513 2093 537 2178 ²)
573 2096 619 2178 ,οὐ
644 2096 733 2178 (sici)

373 2195 508 2279 περιεῖδε
524 2207 592 2275 ταῖς
608 2207 735 2283 σεμναῖς

373 2298 466 2376 θεαῖς
484 2299 635 2384 ἱεροποιὸν
653 2301 734 2385 αἱρε-

375 2403 476 2470 θέντα
498 2403 531 2483 ἐξ
553 2404 735 2490 Ἀθηναίων

374 2509 520 2573 ἁπάντων
564 2512 620 2573 καὶ
667 2510 736 2590 περὶ

377 2611 733 2696 τδναύτδνκαιρδν(υἰυ1)

375 2711 635 2798 καταρξάμενον.
668 2714 736 2778 Δεί-

376 2816 526 2902 ναρχοςῧ)
560 2817 593 2880 δὲ
626 2818 658 2882 ἐν
692 2827 736 2903 τῷ

375 2922 461 2984 κατὰ
479 2919 665 3007 Λυκούργου
689 2923 737 2985 εὐ-

377 3023 482 3087 δυνῶν
494 3044 582 3110 φησι·
604 3026 738 3107 ,καὶτὰς

377 3129 490 3211 σεμνὰς
534 3129 634 3212 θεὰς,
690 3131 739 3204 αῖς

377 3231 495 3307 ἐκεῖνος
511 3231 659 3316 ἱεροποιὸς
680 3253 738 3295 κα-

376 3338 494 3412 ταστὰς
524 3335 657 3413 δέκατος
684 3337 738 3400 αὐ-

377 3437 454 3514 τδςι.

377 3687 432 3694 --·--
442 3688 634 3696 -——--——-

478 3854 502 3918 1)
521 3853 601 3906 Dem.
631 3856 655 3906 4.
675 3854 716 3908 26.
770 3852 847 3906 Vitia
870 3852 912 3906 iit.
940 3850 975 3904 M.
1000 3847 1020 3900 Δ
1046 3864 1099 3918 pro
1127 3845 1155 3913 Α,
1184 3849 1317 3916 λογοποιοί
1338 3862 1389 3916 pro
1417 3847 1502 3899 λοιποί

376 3940 471 3991 uirum
498 3939 613 3994 librario
641 3954 677 3994 an
695 3940 750 4006 ipsi
768 3939 878 3993 auctori
897 3937 1008 3992 crimini
1027 3937 1118 3992 danda
1136 3937 1201 4001 sini,
1227 3936 1333 4005 υεεοὶο,
1361 3949 1445 4003 quam
1464 3935 1499 3989 ob

376 4038 436 4078 rem
456 4025 602 4092 corrigere
619 4039 677 4078 non
696 4026 794 4078 audeo.
830 4024 907 4078 idem
924 4024 1003 4078 valet
1022 4024 1057 4077 de
1075 4023 1146 4088 loco,
1174 4023 1223 4091 qui
1240 4023 1376 4090 sequitur,
1403 4022 1452 4076 ubi
1469 4019 1500 4071 οὐ

378 4110 504 4164 additum
531 4113 560 4164 et
586 4111 675 4164 verba
692 4110 893 4164 Demosthenis
920 4111 1007 4178 τρίτον
1024 4109 1103 4161 αὐτόν
1120 4110 1150 4164 in
1168 4109 1228 4178 περὶ
1246 4109 1290 4161 τὸν
1307 4108 1386 4182 αὐτὸν
1403 4107 1500 4176 τρόπον

378 4195 532 4262 depravata
550 4197 624 4250 suni.

480 4301 505 4363 2)
524 4300 604 4352 Dem.
619 4299 660 4352 21.
680 4299 738 4353 115.

480 4404 507 4470 3)
525 4403 590 4470 Frg.
611 4405 680 4458 orat.
700 4405 748 4461 att.
778 4404 840 4460 coll.
860 4402 920 4459 Car.
940 4403 1046 4458 Miiller.
1093 4403 1173 4459 Paris
1203 4403 1271 4458 1858
1296 4417 1323 4471 p.
1349 4403 1408 4458 456.
1453 4400 1501 4454 Di-

377 4489 471 4546 narch.
490 4490 542 4558 frg.
561 4491 602 4544 31.
