3408 5276
870 473 912 536 ‘24

891 676 1453 762 'wmfflwmm

890 730 1017 853 sansone
1040 779 1207 864 μαρτυρίας
1231 780 1276 843 ’ἐκ
1307 800 1452 863 γραμμα-

915 883 1004 947 τείων
1038 883 1266 967 ἀνεγίνωσκον,
1306 883 1341 945 αἳ
1378 882 1452 946 ἐκοι-

890 972 1023 1084 iloorne
1047 986 1261 1072 ἐκμαρτυρίαι.

432 1175 526 1258 Apud
557 1175 832 1258 Harpocrationem
865 1175 970 1256 glossa
1006 1175 1212 1260 ἐκμαρτυρεῖν
1250 1173 1452 1252 desideratur,

329 1285 433 1368 glossa
455 1278 646 1364 ἐκμαρτυρία
678 1279 748 1344 aliis
781 1279 892 1356 vorbis
913 1279 1102 1362 explicatum.
1125 1279 1206 1356 unde
1238 1279 1295 1370 lex.
1321 1278 1391 1376 Sag.
1410 1280 1452 1372 vl‘.

330 1387 404 1452 248.
426 1387 446 1449 3
478 1383 564 1450 Suid.
588 1403 612 1450 s,
635 1403 663 1448 v.
689 1383 796 1448 Zonar.
821 1403 849 1463 p.
872 1381 937 1446 656
968 1383 1102 1464 Hesyoh.
1124 1401 1150 1448 s.
1175 1403 1204 1447 v.
1237 1381 1454 1466 (explicatione

330 1490 412 1556 vocis
437 1485 587 1572 μαρτυρία
610 1486 738 1564 omissa)
771 1504 827 1550 sua
857 1484 1033 1549 hauserunt.
1089 1485 1139 1548 Ad
1162 1483 1256 1548 verba
1278 1483 1370 1550 lexioi
1392 1483 1454 1547 Dc·

329 1593 442 1658 mosth.
475 1592 596 1673 praeter
617 1590 721 1670 Etym.
753 1589 878 1670 propius
910 1589 1029 1652 accedit
1050 1587 1108 1652 lor.
1132 1585 1202 1670 Sag.
1227 1588 1279 1652 lV.
1307 1585 1376 1650 188.
1401 1585 1452 1662 24,

331 1715 429 1778 neque
461 1694 572 1758 Pollux
609 1691 696 1755 Vlll.
727 1690 770 1755 36
801 1690 924 1778 longius
955 1691 1061 1756 distat.
1121 1689 1199 1756 Cum
1232 1691 1454 1773 Harpocration

330 1795 1453 1882 ammmwfflmmfflmmmw

245 1964 249 1971 .
330 1904 378 1968 bis
409 1901 552 1978 notando,
586 1900 717 1981 scriptor
747 1899 805 1964 lor.
828 1899 982 1964 Patmiaoi
1006 1897 1126 1986 [Dem]
1150 1899 1245 1962 466
1276 1919 1321 1982 sq.
1354 1899 1455 1964 verbis

328 2006 399 2070 usui
421 2023 475 2069 suo
498 1997 738 2069 accommodatis
760 2003 851 2084 plura
873 2006 1003 2068 enarrat.

432 2107 523 2172 Nunc
545 2126 580 2172 co
602 2109 801 2184 revertamur,
834 2105 914 2170 unde
940 2107 1007 2172 tota
1030 2107 1134 2172 nostra
1157 2107 1296 2190 quaestio
1318 2106 1454 2190 profecta

331 2213 386 2284 est,
411 2211 449 2276 ad
473 2211 608 2294 glossam
631 2210 673 2274 Et
698 2210 742 2274 M.
759 2209 868 2274 369.7
892 2209 1058 2295 ἐπώνυμοι,
1083 2229 1174 2293 quam
1198 2212 1229 2274 io
1252 2210 1329 2274 duas
1352 2211 1455 2292 partes

330 2314 420 2380 facile
452 2313 590 2390 divides3
629 2314 712 2395 prior
743 2311 782 2377 ad
813 2314 907 2378 verba
938 2312 1050 2378 Suidaa
1082 2334 1107 2378 s.
1134 2333 1163 2378 v.
1195 2313 1282 2394 gl2
1315 2312 1455 2393 quadrat,

332 2417 463 2482 Photius
484 2417 659 2498 paullulum
682 2417 846 2497 discrepat.
891 2417 952 2480 Hic
975 2417 1058 2480 enim
1080 2416 1224 2496 legimus,
1248 2433 1308 2478 non
1332 2418 1454 2478 centum

330 2521 384 2585 sed
407 2519 512 2583 decem
535 2538 701 2602 eponymos
724 2519 880 2601 singulam
911 2519 1026 2582 tribum
1053 2519 1192 2601 elegisse.
1239 2516 1328 2596 Quod
1351 2518 1454 2580 contra

331 2622 606 2686 Wilamowitzium
622 2621 831 2686 annotandum
854 2621 932 2686 mihi
955 2640 1021 2686 esse
1044 2622 1162 2703 putavi,
1185 2621 1245 2685 etsi
1267 2639 1389 2684 summa
1411 2621 1455 2683 rei

330 2727 387 2791 tali
409 2727 617 2807 discrepantia
637 2743 696 2789 non
720 2727 939 2791 commutatur.
992 2727 1073 2792 Tum
1095 2725 1188 2807 priori
1211 2725 1333 2809 glossae
1355 2724 1455 2790 vorbis

329 2831 352 2914 ἢ
376 2828 480 2906 ἄλλως
503 2830 701 2911 posteriorem
724 2828 874 2912 adjungit,
898 2848 959 2911 qua
980 2830 1073 2894 verba
1089 2827 1331 2911 Atthidographi
1353 2828 1455 2898 nescio

332 2931 1455 3000 mmmmmmmffimemffl

331 3036 496 3116 persuasit.
541 3035 597 3099 Cui
613 3036 783 3100 sententiae
798 3054 899 3100 meam
916 3055 1067 3120 opponam
1092 3039 1173 3100 nano
1196 3040 1296 3119 ipsam
1314 3040 1454 3118 plescum

332 3157 393 3202 non
416 3141 592 3222 simplicem
617 3159 702 3221 ease,
726 3141 783 3205 ssd
808 3161 825 3204 o
849 3141 970 3206 duabus
994 3143 1133 3224 panibus
1157 3142 1377 3221 compositam.

333 3329 380 3394 [r.
400 3333 445 3397 Μ.
462 3332 539 3394 369.
556 3333 585 3394 16
609 3329 763 3416 ἐπώνυμοι
781 3352 787 3366 ·
806 3330 868 3394 διτ-
914 3334 973 3397 lex.
999 3333 1075 3413 Sap.
1102 3332 1140 3394 ll.
1166 3331 1248 3394 245.
1275 3331 1313 3393 17.
1338 3327 1455 3392 ἐπώνυ-

332 3432 379 3496 aot
410 3434 486 3496 εἰσιν
517 3436 601 3496 οὗτοι
628 3455 635 3469 ·
669 3433 697 3496 οἱ
730 3435 785 3518 μὲν
817 3433 868 3497 λὲ-
914 3457 963 3520 μοι
994 3438 1144 3519 ἄρχοντες
1176 3433 1275 3496 δισσαί
1305 3434 1392 3514 εἰσιν,
1428 3431 1456 3495 οἱ

331 3537 477 3622 portast)
500 3544 560 3600 τῶν
583 3537 714 3622 ἡλικιῶν
737 3538 792 3602 καί
812 3539 870 3600 εἰσι
916 3539 971 3621 μὲν
994 3536 1035 3599 42
1060 3545 1122 3600 τῶν
1144 3537 1289 3620 ἡλικιῶν,

331 3641 385 3723 42,
422 3643 451 3706 οἳ
481 3640 650 3706 καλοῦνται
673 3645 728 3704 καὶ
750 3641 871 3725 λήξεων

331 3850 503 3857 ——.-
510 3851 530 3855 --

437 3984 460 4042 ll
489 3981 707 4034 Emendationes
726 3979 998 4033 Wilamowitzianas
1026 3979 1152 4046 integras
1181 3979 1210 4032 in
1230 3980 1396 4032 contextum
1416 3992 1456 4032 re·

333 4069 401 4133 cepi,
420 4080 591 4133 quamquam
609 4067 732 4120 fortasse
749 4067 799 4121 toli
818 4067 903 4120 modo
921 4080 979 4120 non
996 4068 1055 4120 tam
1073 4066 1116 4120 Et.
1134 4066 1167 4119 Μ.
1187 4081 1271 4133 quam
1289 4066 1331 4120 Et.
1345 4065 1379 4118 M.
1398 4065 1456 4118 fon·

331 4156 389 4205 tem
401 4143 574 4220 corrigimus.
597 4153 763 4206 Emendatio
774 4152 941 4207 Kaibeliana
951 4152 1002 4202 ἀπὸ
1012 4150 1040 4218 p'
1052 4165 1103 4220 pro
1117 4153 1230 4219 ἀπόρων,
1244 4151 1457 4219 elegantissima

332 4242 361 4291 et
379 4240 597 4305 simplicissima,
617 4239 677 4292 cod.
696 4239 770 4292 Illor.
789 4240 831 4292 od.
846 4239 936 4293 Miller
954 4254 978 4307 p.
993 4239 1043 4292 124
1062 4241 1252 4304 confirmatur,
1270 4240 1321 4293 sed
1339 4239 1390 4293 tali
1408 4239 1457 4292 od-

329 4325 467 4387 miniculo
494 4326 520 4378 ei
547 4340 605 4380 non
632 4340 703 4392 opus
731 4329 799 4379 erat.
845 4326 912 4380 Cod.
931 4326 1005 4381 olor.
1024 4327 1185 4381 etiamalio
1204 4325 1402 4393 loeopropius
1422 4324 1457 4376 ad

330 4423 431 4462 vorum
450 4409 559 4462 accedit
578 4406 684 4472 Λλκμας
700 4411 827 4464 scribens
846 4425 897 4477 pro
917 4408 1032 4474 Ἀκάμας,
1052 4425 1111 4466 non
1126 4407 1221 4474 Ἆλμᾶς
1235 4413 1268 4464 ut
1285 4410 1327 4464 Et.
1345 4410 1378 4463 Μ.
