3408 5276
789 538 830 601 51

241 762 356 820 ererss,
381 742 551 808 Androtion
574 742 624 824 (ir.
646 742 681 822 3)
701 743 874 825 ,εροᾶθοὲειε
897 743 929 808 et
959 743 1127 808 colacrotas
1148 759 1370 808 commemora-

243 847 363 925 verunt,
395 845 449 911 ubi
479 845 705 927 rempublicam
738 865 757 910 a
791 845 947 911 Olisthsne
969 845 1177 928 permutatam
1199 845 1370 928 descripse-

242 951 325 1014 runt.
371 947 573 1014 Philochorus
598 948 635 1014 dc
658 948 840 1014 ostraoismo
864 949 937 1034 (ing.
960 947 1036 1032 79»)
1060 949 1139 1014 libro
1161 948 1208 1013 ΙΙΙ
1232 947 1372 1032 exposuit

242 1054 265 1117 1'.
298 1071 325 1118 s.
356 1070 391 1117 eo
422 1051 511 1130 libro,
542 1051 596 1117 ubi
630 1051 669 1116 de
693 1051 859 1131 Clisthenc,
892 1071 911 1118 a
941 1071 1000 1135 quo
1022 1054 1081 1118 hoc
1102 1051 1282 1118 institutum
1303 1051 1372 1135 lege

243 1157 387 1222 sanctum
410 1174 477 1221 esse
499 1154 667 1234 contendit,
694 1153 886 1239 disseruit¹).
939 1156 1013 1222 Alia
1039 1174 1100 1221 non
1122 1158 1189 1222 tam
1210 1156 1373 1238 perspicua
1442 1227 1445 1232 ,

245 1261 326 1336 sunt,
354 1258 407 1324 scd
430 1260 543 1337 tamen,
581 1259 697 1341 opinor,
731 1259 781 1324 vir
804 1277 988 1342 quemquem
1011 1258 1220 1325 adversarium
1241 1259 1370 1324 habebi·

243 1381 323 1442 mus,
362 1363 390 1428 si
413 1363 607 1444 nspebimus,
646 1363 685 1426 ab
717 1364 780 1427 ullo
803 1362 1055 1446 Atthidoprapho
1086 1382 1232 1446 umquam
1255 1367 1369 1428 statum

241 1467 437 1549 reipublicae
479 1465 716 1530 Atheniensium
755 1469 802 1534 sic
839 1466 1033 1551 descriptum
1074 1485 1167 1549 esse,
1209 1471 1242 1530 ut
1287 1466 1369 1550 apud

242 1571 446 1634 Aristotelem
472 1570 615 1650 lopimus.

347 1663 465 1750 Quibus
495 1670 588 1734 rebus
618 1671 777 1752 perpensis
800 1670 832 1736 ct
854 1671 1074 1751 consideratio,
1105 1689 1177 1735 cum
1206 1688 1260 1750 es,
1293 1688 1370 1752 quae

245 1774 453 1839 Wilamowitz
485 1774 623 1855 opponit,
656 1793 766 1855 parum
789 1775 891 1840 valere
925 1776 957 1840 et
989 1776 1165 1854 auctorem,
1200 1793 1260 1858 quo
1293 1774 1370 1839 duce

245 1877 429 1942 Aristoteles
454 1877 531 1940 hanc
554 1876 655 1959 operis
679 1879 800 1958 partem
824 1896 1005 1960 componere
1027 1879 1140 1962 posset,
1164 1877 1286 1942 nullum
1301 1894 1370 1942 nm·

242 1999 346 2063 qnam,
373 1980 521 2062 quantum
546 1980 670 2058 scimus,
694 1979 790 2046 fuisse
812 1981 991 2060 viderimus,
1015 1999 1107 2064 porro
1123 1999 1193 2046 cum
1209 1980 1369 2046 Atthidem

242 2083 326 2148 hunc
358 2081 477 2148 iontem
509 2081 613 2160 fuisse,
650 2084 800 2164 quantum
832 2103 847 2148 e
878 2085 944 2149 toto
975 2103 1085 2166 genere
1107 2083 1274 2148 Atthidum
1300 2100 1371 2148 con-

242 2185 328 2250 cludi
352 2186 465 2269 potest,
489 2185 554 2249 veri
570 2185 816 2249 dissimillimum
832 2186 883 2264 sit,
906 2188 938 2250 in
954 2205 989 2251 oo
1012 2186 1268 2270 acquiescendum
1283 2186 1371 2252 nobis

241 2289 304 2365 est,
338 2287 419 2372 quod
442 2289 541 2371 primo
564 2288 654 2354 initio
688 2287 759 2353 diri.
802 2290 904 2372 lepos
936 2292 1023 2372 ipses
1046 2289 1206 2354 Aristoteli
1238 2291 1369 2372 piurima

243 2391 535 2474 suppeditaverunt,
560 2410 688 2474 quarum
712 2391 825 2456 auxilio
848 2393 927 2456 hanc
948 2392 1022 2456 libri
1043 2393 1163 2475 partem
1178 2391 1370 2474 conscripsit.

245 2493 289 2557 At
316 2494 344 2559 si
366 2495 411 2558 its
442 2509 490 2558 res
513 2513 545 2560 se
572 2495 696 2574 habent,
720 2495 812 2559 aliter
833 2494 1014 2578 explicanda
1042 2495 1130 2560 nobis
1162 2496 1244 2580 sunt,
1275 2513 1369 2578 quao-

242 2615 376 2680 cumquo
404 2598 525 2680 praeter
538 2597 739 2663 ‘Aristotelea
770 2598 852 2680 apud
883 2599 1046 2681 scriptores
1076 2599 1225 2680 posteros,
1256 2598 1369 2664 lexico-

242 2703 380 2786 graphos
403 2704 435 2767 et
456 2691 689 2786 grammaticos,
721 2703 904 2768 invenimus.
950 2703 1009 2769 Sed
1032 2703 1211 2786 priusquam
1233 2701 1305 2768 huic
1327 2701 1371 2765 rei

242 2823 295 2868 mc
328 2804 413 2868 totus
436 2804 556 2882 dedero,
592 2805 693 2886 capito
726 2806 865 2887 proximo
896 2805 1066 2888 disquirere
1095 2805 1227 2884 institui,
1259 2803 1370 2886 quihus

241 2907 424 2973 auctoribus
447 2907 632 2972 Aristoteles
665 2926 721 2971 sua
752 2909 806 2972 aut
827 2909 893 2990 ipse
917 2908 971 2972 aut
993 2927 1049 2990 per
1069 2909 1184 2973 rivulos
1207 2905 1370 2972 nonnullos

244 3009 378 3093 largitus
414 3009 472 3090 sit,
509 3010 540 3074 et
579 3011 731 3092 quatenus
763 3011 838 3075 haec
868 3012 1033 3076 auctoritas
1064 3010 1242 3075 Aristotelis
1279 3009 1370 3074 certis

242 3111 359 3176 finibus
383 3113 593 3177 circumscribi
615 3115 721 3196 possit.
768 3112 835 3192 Quo
864 3113 963 3179 officio
986 3115 1091 3179 exacto
1123 3115 1155 3179 et
1186 3113 1274 3179 bonis
1296 3113 1369 3176 Ari·

242 3213 384 3278 stoteleis
412 3215 449 3280 ab
482 3215 591 3280 alionis
624 3215 769 3299 sejunctis
797 3216 864 3299 jam
895 3217 956 3282 tuti
992 3216 1164 3298 quaestioni
1196 3217 1369 3298 postremae

241 3317 389 3380 accedero
411 3317 590 3400 poterimus.

350 3625 375 3694 1)
394 3625 426 3680 er.
446 3625 551 3680 suern.
570 3626 587 3679 r.
607 3627 624 3679 r.
649 3641 674 3694 p.
692 3627 751 3681 411.
