3396 5278
824 544 827 555 ·
892 507 934 572 88

350 723 433 786 τινας
455 710 568 775 θύουσι
584 714 710 789 καὶτὰς
740 711 905 798 μιζομὲνας
921 711 1099 776 ἐπιτελοῦσι
1155 761 1158 770 .
1294 761 1298 768 .
1415 761 1417 768 ,

350 813 572 899 πεντετηρίδας
584 815 710 892 ἁπάσας
736 817 793 879 καὶ
821 817 885 891 ’τὰς
917 813 1098 900 πεντεσυρί·
1128 865 1131 874 .

349 915 513 981 διοικοῦσιν
530 917 616 1002 πλὴν
628 918 710 984 Ham
738 918 794 992 δας
809 917 935 994 ἁπάσας
947 917 1098 983 διοικοῦσι

349 1019 524 1105 adponitur.
737 1021 821 1105 πλὴν
848 1020 1095 1107 Παναθηναίων.

1118 1157 1253 1224 Εἰσὶ·δὲ
1294 1162 1350 1224 καὶ
1386 1159 1478 1223 ἄλλοι

1119 1269 1181 1326 τῶν
1204 1269 1325 1347 σεμνῶν
1347 1261 1444 1327 θεῶν.

451 1518 556 1598 Vides,
581 1538 640 1600 quo
657 1519 747 1584 modo
764 1519 938 1598 discrimen,
958 1519 996 1607 nh
1012 1518 1181 1582 Aristotele
1204 1518 1285 1582 inter
1308 1516 1478 1600 ἱεροποιοὺς

349 1622 401 1686 ἐπὶ
416 1624 456 1686 τὰ
471 1621 641 1708 ἐκθύματα
657 1624 688 1688 et
703 1625 774 1700 τοὺς
790 1621 861 1686 κατ’
875 1622 1015 1686 ἐνιαυτὸν
1031 1619 1245 1705 καλουμένους
1260 1621 1427 1699 servatum,
1444 1621 1478 1686 in

348 1725 405 1789 lox.
422 1723 492 1807 Sag.
507 1723 544 1788 V.
563 1723 632 1806 jam
653 1725 744 1808 plane
761 1725 908 1793 detritum
925 1725 975 1790 sit.
1021 1723 1106 1804 Quae
1128 1724 1186 1790 lex.
1205 1723 1294 1788 Dom.
1311 1723 1399 1788 addit
1420 1723 1477 1789 suh

347 1826 449 1918 finem,
483 1847 499 1892 e
523 1827 612 1891 Dem.
636 1825 687 1892 21.
713 1829 774 1890 115
799 1829 847 1894 vol
870 1829 966 1894 simili
997 1829 1064 1894 loco
1087 1829 1216 1894 oratoris
1239 1828 1331 1893 attici
1352 1827 1478 1910 sumpta

348 1932 452 2020 sunt..
484 1929 572 2010 Quod
599 1930 665 2014 jam
697 1951 715 1996 a
736 1931 820 1998 fonte
843 1933 1010 1998 lexirorum
1034 1932 1215 2016 Seguoriani
1237 1931 1266 1996 V
1297 1933 1329 1998 ct
1357 1931 1478 2020 'Domo-

349 2033 481 2098 sthenici
513 2052 582 2100 eum
628 2036 729 2100 verbis
762 2035 958 2102 Aristoteleis
990 2035 1184 2120 conjunctum
1217 2036 1313 2102 fuisse
1348 2035 1478 2122 cogitari

348 2137 455 2322 Ιίυυέ.)
481 2137 588 2220 Neque
611 2139 701 2222 plura
723 2139 835 2206 Photio
857 2140 1103 2226 Etymologoque
1127 2139 1240 2223 Magno
1263 2138 1386 2222 praesto
1410 2137 1476 2202 iue-

347 2257 405 2304 run
459 2288 466 2304 .

701 2529 735 2610 o)
768 2529 796 2592 in
821 2530 928 2610 qlosaa
952 2528 1111 2613 ἐχῖνος.

450 2732 494 2797 At
516 2732 582 2809 hoo,
608 2731 706 2810 oredo,
727 2733 791 2816 jam
809 2752 844 2796 ex
866 2733 921 2810 eis,
946 2717 1022 2814 quae
1039 2731 1174 2814 exposui,
1197 2731 1298 2814 magis
1314 2713 1476 2813 magisque

347 2835 457 2912 elucet,
482 2834 682 2900 statuendum
705 2854 771 2900 osse
795 2835 919 2917 aliquod
941 2835 1059 2900 lexicon
1082 2834 1269 2899 rhetoricum
1292 2833 1390 2898 multo
1410 2833 1475 2915 ple·

346 2939 416 3002 nius
439 2938 492 3016 eis,
520 2957 603 3019 quae
621 2938 709 3002 nobis
733 2939 855 3018 praesto
879 2940 958 3002 sunt.
1006 2937 1100 3004 Cuius
1123 2937 1214 3002 loxioi
1236 2937 1342 3002 auctor
1364 2936 1475 3002 funda-

346 3042 450 3106 mento
466 3041 635 3106 Aristotele
657 3061 731 3106 usus
754 3044 810 3116 ost,
834 3061 925 3123 quem
947 3043 978 3106 iu
1002 3042 1110 3125 primis
1134 3043 1187 3120 eis,
1213 3060 1291 3123 quae
1315 3060 1351 3105 ex
1371 3042 1475 3104 ¹orato-

346 3144 430 3209 ribus
462 3145 566 3208 attiois
598 3144 712 3222 hausit,
744 3144 955 3225 locupletavit.
1011 3144 1102 3224 Quali
1133 3144 1250 3210 ratione
1283 3144 1311 3208 ei
1334 3143 1475 3224 contigit,

346 3254 382 3310 ut
403 3246 435 3310 in
459 3247 589 3330 singulis
612 3247 724 3330 glossis
748 3267 844 3329 paene
868 3249 968 3313 totam
990 3248 1213 3331 antiquitatum
1237 3247 1474 3326 Atheniensium

346 3351 507 3414 scientiam
531 3351 704 3416 collocaret.
745 3352 876 3417 Divulsn
899 3352 1087 3436 disjectaque
1110 3352 1202 3416 huius
1224 3351 1315 3416 lexioi
1337 3349 1475 3414 membra

346 3451 377 3517 et
408 3453 490 3534 apud
513 3453 789 3535 Harpocrationem
820 3458 852 3522 et
883 3457 965 3538 apud
987 3457 1149 3522 Pollucem
1180 3457 1212 3520 et
1243 3453 1326 3536 apud
1358 3455 1474 3518 eeteros

345 3555 578 3639 lexicographos
595 3557 736 3640 legimus
753 3559 837 3623 varie
853 3561 984 3637 mutata,
996 3560 1097 3624 aliona
1112 3558 1228 3642 addita,
1239 3556 1339 3620 multa
1350 3556 1473 3634 omissa,

345 3659 398 3723 sod
423 3661 467 3724 sio
490 3663 677 3740 conservata,
703 3663 737 3726 ut
760 3664 844 3745 origo
861 3662 968 3728 eadam
985 3663 1196 3745 cognoscatur.
1242 3658 1330 3739 Quod
1348 3661 1384 3724 ut
1405 3677 1474 3722 ma-

344 3762 393 3841 gis
425 3763 594 3843 perluceat,
630 3783 666 3828 ea
697 3766 865 3829 exscribere
899 3765 977 3830 mihi
1008 3765 1120 3848 placet,
1157 3783 1235 3846 quae
1266 3761 1475 3846 lexicographi

344 3863 423 4030 startii
442 3864 491 4030 5d3e
518 3867 717 4030 Supellectile
745 3868 888 3952 judiciali
926 3869 1030 3953 ἐχῖνος
1067 3867 1212 3946 tradunt,
1252 3867 1367 3933 collato
1399 3866 1473 3930 Ari-

346 3983 418 4030 so.
487 4016 494 4032 .
541 4017 548 4032 .

344 4209 602 4222 ---.-----

451 4397 478 4466 1)
498 4398 531 4452 of.
552 4412 638 4467 supra
655 4415 680 4467 p.
702 4402 740 4454 13.
