<?xml version="1.0" encoding="UTF-8"?>
<!DOCTYPE html PUBLIC "-//W3C//DTD XHTML 1.0 Transitional//EN"
    "http://www.w3.org/TR/xhtml1/DTD/xhtml1-transitional.dtd">
<html xmlns="http://www.w3.org/1999/xhtml" xml:lang="en" lang="en">
 <head>
  <title>
</title>
<meta http-equiv="Content-Type" content="text/html;charset=utf-8" />
  <meta name='ocr-system' content='tesseract 3.04.00' />
  <meta name='ocr-capabilities' content='ocr_page ocr_carea ocr_par ocr_line ocrx_word'/>
</head>
<body>
  <div class='ocr_page' id='page_1' title='image "./dearistotelispo01bursgoog_0138.png"; bbox 0 0 3396 5278; ppageno 0'>
   <div class='ocr_carea' id='block_1_1' title="bbox 771 545 835 607">
    <p class='ocr_par' dir='ltr' id='par_1_1' title="bbox 771 545 835 607">
     <span class='ocr_line' id='line_1_1' title="bbox 771 545 835 607; baseline -0.016 0"><span class='ocrx_word' id='word_1_1' title='bbox 771 545 835 607; x_wconf 81' lang='lat'>125</span> 
     </span>
    </p>
   </div>
   <div class='ocr_carea' id='block_1_2' title="bbox 239 747 1488 2258">
    <p class='ocr_par' dir='ltr' id='par_1_2' title="bbox 239 747 1488 2258">
     <span class='ocr_line' id='line_1_2' title="bbox 239 747 1367 834; baseline -0.004 -16"><span class='ocrx_word' id='word_1_2' title='bbox 239 754 302 818; x_wconf 88' lang='lat' dir='ltr'>tius</span> <span class='ocrx_word' id='word_1_3' title='bbox 325 753 413 816; x_wconf 84' lang='lat' dir='ltr'>nobis</span> <span class='ocrx_word' id='word_1_4' title='bbox 435 753 467 816; x_wconf 90' lang='lat' dir='ltr'>in</span> <span class='ocrx_word' id='word_1_5' title='bbox 490 753 569 816; x_wconf 88' lang='lat' dir='ltr'>hanc</span> <span class='ocrx_word' id='word_1_6' title='bbox 591 772 657 816; x_wconf 88' lang='lat' dir='ltr'>rem</span> <span class='ocrx_word' id='word_1_7' title='bbox 679 752 897 834; x_wconf 85' lang='lat' dir='ltr'>inquirendum</span> <span class='ocrx_word' id='word_1_8' title='bbox 921 753 976 815; x_wconf 88' lang='lat' dir='ltr'>est.</span> <span class='ocrx_word' id='word_1_9' title='bbox 1021 751 1038 833; x_wconf 64' lang='grc' dir='ltr'><strong>ἕ</strong></span> <span class='ocrx_word' id='word_1_10' title='bbox 1059 751 1079 812; x_wconf 84' lang='grc'><strong>5</strong></span> <span class='ocrx_word' id='word_1_11' title='bbox 1098 750 1136 814; x_wconf 90' lang='lat' dir='ltr'>de</span> <span class='ocrx_word' id='word_1_12' title='bbox 1160 747 1280 834; x_wconf 74' lang='grc' dir='ltr'>εὐδὺνη</span> <span class='ocrx_word' id='word_1_13' title='bbox 1304 749 1367 813; x_wconf 89' lang='lat' dir='ltr'>ocl-</span> 
     </span>
     <span class='ocr_line' id='line_1_3' title="bbox 239 853 1366 938; baseline -0.003 -18"><span class='ocrx_word' id='word_1_14' title='bbox 239 857 312 922; x_wconf 84' lang='lat' dir='ltr'>latis</span> <span class='ocrx_word' id='word_1_15' title='bbox 334 857 392 920; x_wconf 83' lang='lat' dir='ltr'>len.</span> <span class='ocrx_word' id='word_1_16' title='bbox 417 857 504 920; x_wconf 82' lang='lat' dir='ltr'>Dum.</span> <span class='ocrx_word' id='word_1_17' title='bbox 529 877 559 938; x_wconf 91' lang='lat' dir='ltr'>p.</span> <span class='ocrx_word' id='word_1_18' title='bbox 584 855 656 920; x_wconf 76' lang='lat'>142.</span> <span class='ocrx_word' id='word_1_19' title='bbox 681 855 783 934; x_wconf 60' lang='lat'>5110,</span> <span class='ocrx_word' id='word_1_20' title='bbox 807 855 864 919; x_wconf 79' lang='lat' dir='ltr'>lex.</span> <span class='ocrx_word' id='word_1_21' title='bbox 889 855 959 936; x_wconf 81' lang='lat' dir='ltr'>Seg.</span> <span class='ocrx_word' id='word_1_22' title='bbox 978 854 1013 918; x_wconf 91' lang='lat' dir='ltr'>V.</span> <span class='ocrx_word' id='word_1_23' title='bbox 1032 853 1105 918; x_wconf 81' lang='lat'><strong>245.</strong></span> <span class='ocrx_word' id='word_1_24' title='bbox 1125 853 1155 930; x_wconf 89' lang='grc'>6,</span> <span class='ocrx_word' id='word_1_25' title='bbox 1182 853 1272 916; x_wconf 88' lang='lat' dir='ltr'>Phot.</span> <span class='ocrx_word' id='word_1_26' title='bbox 1296 873 1319 917; x_wconf 88' lang='lat' dir='ltr'>s.</span> <span class='ocrx_word' id='word_1_27' title='bbox 1337 873 1366 917; x_wconf 88' lang='lat' dir='ltr'>v.</span> 
     </span>
     <span class='ocr_line' id='line_1_4' title="bbox 241 955 1366 1044; baseline -0.004 -22"><span class='ocrx_word' id='word_1_28' title='bbox 241 959 371 1038; x_wconf 72' lang='grc' dir='ltr'>εὐθύνα,</span> <span class='ocrx_word' id='word_1_29' title='bbox 405 959 489 1024; x_wconf 70' lang='grc' dir='ltr'>ὃαίδζ</span> <span class='ocrx_word' id='word_1_30' title='bbox 515 979 539 1023; x_wconf 89' lang='lat' dir='ltr'>s.</span> <span class='ocrx_word' id='word_1_31' title='bbox 562 979 590 1024; x_wconf 90' lang='grc' dir='ltr'>ν.</span> <span class='ocrx_word' id='word_1_32' title='bbox 616 958 734 1044; x_wconf 76' lang='grc' dir='ltr'>εὐδίννγ</span> <span class='ocrx_word' id='word_1_33' title='bbox 769 958 808 1022; x_wconf 87' lang='lat' dir='ltr'>ad</span> <span class='ocrx_word' id='word_1_34' title='bbox 840 957 968 1021; x_wconf 89' lang='lat' dir='ltr'>eandem</span> <span class='ocrx_word' id='word_1_35' title='bbox 1001 957 1152 1039; x_wconf 83' lang='lat' dir='ltr'><strong>originem</strong></span> <span class='ocrx_word' id='word_1_36' title='bbox 1184 974 1202 1018; x_wconf 86' lang='lat' dir='ltr'>a</span> <span class='ocrx_word' id='word_1_37' title='bbox 1232 974 1281 1018; x_wconf 88' lang='lat' dir='ltr'>rne</span> <span class='ocrx_word' id='word_1_38' title='bbox 1300 955 1366 1036; x_wconf 84' lang='lat' dir='ltr'>jam</span> 
     </span>
     <span class='ocr_line' id='line_1_5' title="bbox 241 1058 1366 1146; baseline -0.007 -19"><span class='ocrx_word' id='word_1_39' title='bbox 241 1082 335 1146; x_wconf 90' lang='lat' dir='ltr'>supra</span> <span class='ocrx_word' id='word_1_40' title='bbox 346 1061 372 1144; x_wconf 84' lang='lat'>¹)</span> <span class='ocrx_word' id='word_1_41' title='bbox 403 1062 532 1126; x_wconf 87' lang='lat' dir='ltr'>reducta</span> <span class='ocrx_word' id='word_1_42' title='bbox 563 1065 618 1139; x_wconf 74' lang='lat' dir='ltr'>cst,</span> <span class='ocrx_word' id='word_1_43' title='bbox 652 1081 711 1142; x_wconf 91' lang='lat' dir='ltr'>quo</span> <span class='ocrx_word' id='word_1_44' title='bbox 742 1079 823 1125; x_wconf 93' lang='lat' dir='ltr'>nunc</span> <span class='ocrx_word' id='word_1_45' title='bbox 855 1059 933 1124; x_wconf 87' lang='lat' dir='ltr'>alios</span> <span class='ocrx_word' id='word_1_46' title='bbox 966 1059 1049 1124; x_wconf 90' lang='lat' dir='ltr'>locos</span> <span class='ocrx_word' id='word_1_47' title='bbox 1076 1058 1241 1141; x_wconf 82' lang='lat' dir='ltr'>adjungere</span> <span class='ocrx_word' id='word_1_48' title='bbox 1264 1058 1366 1122; x_wconf 85' lang='lat' dir='ltr'>liceat.</span> 
     </span>
     <span class='ocr_line' id='line_1_6' title="bbox 241 1160 1367 1248; baseline -0.004 -18"><span class='ocrx_word' id='word_1_49' title='bbox 241 1165 325 1244; x_wconf 83' lang='lat' dir='ltr'>Quae</span> <span class='ocrx_word' id='word_1_50' title='bbox 349 1165 391 1230; x_wconf 86' lang='lat' dir='ltr'>sit</span> <span class='ocrx_word' id='word_1_51' title='bbox 413 1163 590 1248; x_wconf 80' lang='grc' dir='ltr'>ἐπαγγελία</span> <span class='ocrx_word' id='word_1_52' title='bbox 612 1163 808 1248; x_wconf 82' lang='grc' dir='ltr'>δοκιμασίας,</span> <span class='ocrx_word' id='word_1_53' title='bbox 836 1163 899 1227; x_wconf 85' lang='lat' dir='ltr'>fere</span> <span class='ocrx_word' id='word_1_54' title='bbox 922 1162 1030 1226; x_wconf 86' lang='lat' dir='ltr'>eadem</span> <span class='ocrx_word' id='word_1_55' title='bbox 1052 1162 1179 1227; x_wconf 86' lang='lat' dir='ltr'>ratione¹</span> <span class='ocrx_word' id='word_1_56' title='bbox 1192 1180 1299 1226; x_wconf 88' lang='lat' dir='ltr'>omnes</span> <span class='ocrx_word' id='word_1_57' title='bbox 1321 1160 1367 1225; x_wconf 91' lang='lat' dir='ltr'>le-</span> 
     </span>
     <span class='ocr_line' id='line_1_7' title="bbox 240 1262 1367 1352; baseline -0.004 -20"><span class='ocrx_word' id='word_1_58' title='bbox 240 1267 418 1352; x_wconf 80' lang='lat' dir='ltr'>xicographi</span> <span class='ocrx_word' id='word_1_59' title='bbox 441 1268 653 1332; x_wconf 86' lang='lat' dir='ltr'>definiverunt.</span> <span class='ocrx_word' id='word_1_60' title='bbox 709 1267 983 1350; x_wconf 82' lang='lat' dir='ltr'>Harpocrationenr</span> <span class='ocrx_word' id='word_1_61' title='bbox 1016 1285 1041 1330; x_wconf 75' lang='lat' dir='ltr'>s,</span> <span class='ocrx_word' id='word_1_62' title='bbox 1065 1285 1093 1329; x_wconf 88' lang='grc' dir='ltr'>ν.</span> <span class='ocrx_word' id='word_1_63' title='bbox 1125 1262 1302 1347; x_wconf 86' lang='grc' dir='ltr'>ἐπαγγελία</span> <span class='ocrx_word' id='word_1_64' title='bbox 1326 1265 1367 1339; x_wconf 76' lang='grc' dir='ltr'>σί,</span> 
     </span>
     <span class='ocr_line' id='line_1_8' title="bbox 241 1363 1368 1452; baseline -0.006 -19"><span class='ocrx_word' id='word_1_65' title='bbox 241 1370 294 1452; x_wconf 89' lang='lat' dir='ltr'>qui</span> <span class='ocrx_word' id='word_1_66' title='bbox 317 1372 397 1434; x_wconf 89' lang='lat' dir='ltr'>hunc</span> <span class='ocrx_word' id='word_1_67' title='bbox 420 1369 519 1433; x_wconf 86' lang='lat' dir='ltr'>secuti</span> <span class='ocrx_word' id='word_1_68' title='bbox 542 1370 622 1446; x_wconf 78' lang='lat' dir='ltr'>sunt,</span> <span class='ocrx_word' id='word_1_69' title='bbox 647 1369 706 1432; x_wconf 85' lang='lat' dir='ltr'>lox.</span> <span class='ocrx_word' id='word_1_70' title='bbox 726 1367 794 1450; x_wconf 82' lang='lat' dir='ltr'>Seg.</span> <span class='ocrx_word' id='word_1_71' title='bbox 811 1368 848 1432; x_wconf 89' lang='lat' dir='ltr'>V.</span> <span class='ocrx_word' id='word_1_72' title='bbox 872 1367 945 1430; x_wconf 80' lang='lat'><strong>256.</strong></span> <span class='ocrx_word' id='word_1_73' title='bbox 969 1369 989 1430; x_wconf 83' lang='lat'>5</span> <span class='ocrx_word' id='word_1_74' title='bbox 1014 1394 1053 1422; x_wconf 88' lang='lat'>=</span> <span class='ocrx_word' id='word_1_75' title='bbox 1077 1367 1126 1430; x_wconf 78' lang='lat' dir='ltr'>nt.</span> <span class='ocrx_word' id='word_1_76' title='bbox 1150 1367 1193 1429; x_wconf 91' lang='lat' dir='ltr'>M.</span> <span class='ocrx_word' id='word_1_77' title='bbox 1218 1365 1292 1430; x_wconf 82' lang='lat'><strong>353.</strong></span> <span class='ocrx_word' id='word_1_78' title='bbox 1316 1363 1368 1442; x_wconf 85' lang='grc'>43,</span> 
     </span>
     <span class='ocr_line' id='line_1_9' title="bbox 241 1467 1488 1558; baseline -0.005 -21"><span class='ocrx_word' id='word_1_79' title='bbox 241 1473 325 1538; x_wconf 88' lang='lat' dir='ltr'>Suid.</span> <span class='ocrx_word' id='word_1_80' title='bbox 350 1491 374 1536; x_wconf 83' lang='lat' dir='ltr'>s,</span> <span class='ocrx_word' id='word_1_81' title='bbox 397 1491 426 1536; x_wconf 91' lang='grc' dir='ltr'>ν.</span> <span class='ocrx_word' id='word_1_82' title='bbox 449 1470 639 1554; x_wconf 80' lang='grc' dir='ltr'>ἐπαγγελία,</span> <span class='ocrx_word' id='word_1_83' title='bbox 664 1471 722 1536; x_wconf 81' lang='lat' dir='ltr'>lex.</span> <span class='ocrx_word' id='word_1_84' title='bbox 746 1470 838 1534; x_wconf 91' lang='lat' dir='ltr'>Vind.</span> <span class='ocrx_word' id='word_1_85' title='bbox 862 1491 892 1553; x_wconf 88' lang='lat' dir='ltr'>p.</span> <span class='ocrx_word' id='word_1_86' title='bbox 916 1471 968 1534; x_wconf 85' lang='grc'>56.</span> <span class='ocrx_word' id='word_1_87' title='bbox 991 1471 1023 1548; x_wconf 89' lang='grc'>3,</span> <span class='ocrx_word' id='word_1_88' title='bbox 1046 1488 1116 1534; x_wconf 89' lang='lat' dir='ltr'>cum</span> <span class='ocrx_word' id='word_1_89' title='bbox 1144 1470 1268 1532; x_wconf 90' lang='lat' dir='ltr'>omnino</span> <span class='ocrx_word' id='word_1_90' title='bbox 1285 1467 1369 1532; x_wconf 83' lang='lat' dir='ltr'>vocis</span> <span class='ocrx_word' id='word_1_91' title='bbox 1484 1552 1488 1558; x_wconf 23' lang='grc' dir='ltr'>Ι</span> 
     </span>
     <span class='ocr_line' id='line_1_10' title="bbox 243 1570 1368 1658; baseline -0.003 -21"><span class='ocrx_word' id='word_1_92' title='bbox 243 1573 420 1658; x_wconf 85' lang='grc' dir='ltr'>ἐπαγγελία</span> <span class='ocrx_word' id='word_1_93' title='bbox 450 1573 601 1638; x_wconf 83' lang='lat' dir='ltr'>rationem</span> <span class='ocrx_word' id='word_1_94' title='bbox 633 1574 780 1651; x_wconf 78' lang='lat' dir='ltr'>habeant,</span> <span class='ocrx_word' id='word_1_95' title='bbox 813 1573 1017 1638; x_wconf 82' lang='lat' dir='ltr'>secludamus.</span> <span class='ocrx_word' id='word_1_96' title='bbox 1070 1571 1183 1636; x_wconf 82' lang='lat' dir='ltr'>Pollux</span> <span class='ocrx_word' id='word_1_97' title='bbox 1206 1571 1292 1636; x_wconf 90' lang='lat' dir='ltr'>Vlll.</span> <span class='ocrx_word' id='word_1_98' title='bbox 1316 1570 1368 1647; x_wconf 83' lang='grc'>34,</span> 
     </span>
     <span class='ocr_line' id='line_1_11' title="bbox 244 1673 1368 1761; baseline -0.006 -19"><span class='ocrx_word' id='word_1_99' title='bbox 244 1697 314 1742; x_wconf 91' lang='lat' dir='ltr'>cum</span> <span class='ocrx_word' id='word_1_100' title='bbox 336 1677 447 1741; x_wconf 89' lang='lat' dir='ltr'>mendo</span> <span class='ocrx_word' id='word_1_101' title='bbox 471 1675 640 1761; x_wconf 77' lang='grc' dir='ltr'>δοκιμασία</span> <span class='ocrx_word' id='word_1_102' title='bbox 662 1679 717 1739; x_wconf 83' lang='grc' dir='ltr'>καὶ</span> <span class='ocrx_word' id='word_1_103' title='bbox 740 1676 917 1760; x_wconf 79' lang='grc' dir='ltr'>ἐπαγγελία</span> <span class='ocrx_word' id='word_1_104' title='bbox 941 1697 995 1757; x_wconf 85' lang='lat' dir='ltr'>pro</span> <span class='ocrx_word' id='word_1_105' title='bbox 1019 1673 1206 1759; x_wconf 73' lang='grc' dir='ltr'>δοκιμασίας</span> <span class='ocrx_word' id='word_1_106' title='bbox 1228 1675 1368 1757; x_wconf 81' lang='grc' dir='ltr'>ἐπαγγε-</span> 
     </span>
     <span class='ocr_line' id='line_1_12' title="bbox 244 1777 1367 1862; baseline -0.002 -20"><span class='ocrx_word' id='word_1_107' title='bbox 244 1779 297 1844; x_wconf 89' lang='grc' dir='ltr'>λία</span> <span class='ocrx_word' id='word_1_108' title='bbox 320 1799 338 1844; x_wconf 88' lang='lat' dir='ltr'>a</span> <span class='ocrx_word' id='word_1_109' title='bbox 361 1779 456 1843; x_wconf 87' lang='lat' dir='ltr'>schol.</span> <span class='ocrx_word' id='word_1_110' title='bbox 480 1781 592 1844; x_wconf 82' lang='lat' dir='ltr'>Aesch.</span> <span class='ocrx_word' id='word_1_111' title='bbox 619 1781 647 1844; x_wconf 91' lang='grc'>1.</span> <span class='ocrx_word' id='word_1_112' title='bbox 670 1779 690 1842; x_wconf 80' lang='lat'>2</span> <span class='ocrx_word' id='word_1_113' title='bbox 714 1781 895 1862; x_wconf 78' lang='lat' dir='ltr'>enscriptus.¹</span> <span class='ocrx_word' id='word_1_114' title='bbox 914 1779 993 1843; x_wconf 85' lang='lat' dir='ltr'>hanc</span> <span class='ocrx_word' id='word_1_115' title='bbox 1016 1797 1141 1844; x_wconf 86' lang='lat' dir='ltr'>causam</span> <span class='ocrx_word' id='word_1_116' title='bbox 1165 1777 1367 1853; x_wconf 82' lang='lat' dir='ltr'>enumeravit,</span> 
     </span>
     <span class='ocr_line' id='line_1_13' title="bbox 243 1877 1368 1966; baseline -0.006 -19"><span class='ocrx_word' id='word_1_117' title='bbox 243 1903 302 1947; x_wconf 91' lang='lat' dir='ltr'>non</span> <span class='ocrx_word' id='word_1_118' title='bbox 326 1883 500 1964; x_wconf 82' lang='lat' dir='ltr'>explicavit.</span> <span class='ocrx_word' id='word_1_119' title='bbox 547 1885 615 1947; x_wconf 84' lang='lat' dir='ltr'>Lex.</span> <span class='ocrx_word' id='word_1_120' title='bbox 636 1884 725 1947; x_wconf 90' lang='lat' dir='ltr'>Dem.</span> <span class='ocrx_word' id='word_1_121' title='bbox 749 1904 779 1966; x_wconf 90' lang='lat' dir='ltr'>p.</span> <span class='ocrx_word' id='word_1_122' title='bbox 804 1883 844 1946; x_wconf 88' lang='grc'>13</span> <span class='ocrx_word' id='word_1_123' title='bbox 868 1886 886 1966; x_wconf 78' lang='lat'>§</span> <span class='ocrx_word' id='word_1_124' title='bbox 909 1884 950 1946; x_wconf 74' lang='lat'>‘23</span> <span class='ocrx_word' id='word_1_125' title='bbox 978 1903 996 1946; x_wconf 93' lang='lat' dir='ltr'>a</span> <span class='ocrx_word' id='word_1_126' title='bbox 1017 1882 1113 1947; x_wconf 89' lang='lat' dir='ltr'>schol.</span> <span class='ocrx_word' id='word_1_127' title='bbox 1137 1881 1248 1944; x_wconf 83' lang='lat' dir='ltr'>Acseh.</span> <span class='ocrx_word' id='word_1_128' title='bbox 1274 1880 1302 1943; x_wconf 92' lang='lat' dir='ltr'>l.</span> <span class='ocrx_word' id='word_1_129' title='bbox 1326 1877 1368 1941; x_wconf 80' lang='lat'>32</span> 
     </span>
     <span class='ocr_line' id='line_1_14' title="bbox 243 1983 1368 2070; baseline -0.006 -18"><span class='ocrx_word' id='word_1_130' title='bbox 243 1987 410 2070; x_wconf 88' lang='lat' dir='ltr'>repetitum</span> <span class='ocrx_word' id='word_1_131' title='bbox 427 1985 548 2050; x_wconf 87' lang='lat' dir='ltr'>brevius</span> <span class='ocrx_word' id='word_1_132' title='bbox 572 1987 627 2050; x_wconf 88' lang='lat' dir='ltr'>est.</span> <span class='ocrx_word' id='word_1_133' title='bbox 673 1987 733 2052; x_wconf 85' lang='lat' dir='ltr'>Sed</span> <span class='ocrx_word' id='word_1_134' title='bbox 749 2007 845 2069; x_wconf 90' lang='lat' dir='ltr'>neque</span> <span class='ocrx_word' id='word_1_135' title='bbox 867 1988 924 2051; x_wconf 92' lang='lat' dir='ltr'>hoc</span> <span class='ocrx_word' id='word_1_136' title='bbox 947 2005 1044 2068; x_wconf 92' lang='lat' dir='ltr'>neque</span> <span class='ocrx_word' id='word_1_137' title='bbox 1066 1985 1120 2050; x_wconf 89' lang='lat' dir='ltr'>ille</span> <span class='ocrx_word' id='word_1_138' title='bbox 1143 1983 1295 2048; x_wconf 82' lang='lat' dir='ltr'>distenta</span> <span class='ocrx_word' id='word_1_139' title='bbox 1317 2001 1368 2046; x_wconf 90' lang='lat' dir='ltr'>ce-</span> 
     </span>
     <span class='ocr_line' id='line_1_15' title="bbox 243 2086 1369 2172; baseline -0.004 -18"><span class='ocrx_word' id='word_1_140' title='bbox 243 2091 318 2154; x_wconf 86' lang='lat' dir='ltr'>teris</span> <span class='ocrx_word' id='word_1_141' title='bbox 349 2092 435 2170; x_wconf 86' lang='lat' dir='ltr'>loeis,</span> <span class='ocrx_word' id='word_1_142' title='bbox 468 2091 520 2172; x_wconf 93' lang='lat' dir='ltr'>qui</span> <span class='ocrx_word' id='word_1_143' title='bbox 552 2109 657 2156; x_wconf 88' lang='lat' dir='ltr'>omnes</span> <span class='ocrx_word' id='word_1_144' title='bbox 680 2111 741 2155; x_wconf 86' lang='lat' dir='ltr'>una</span> <span class='ocrx_word' id='word_1_145' title='bbox 763 2111 834 2155; x_wconf 90' lang='lat' dir='ltr'>cum</span> <span class='ocrx_word' id='word_1_146' title='bbox 856 2091 960 2154; x_wconf 88' lang='lat' dir='ltr'>Psello</span> <span class='ocrx_word' id='word_1_147' title='bbox 985 2092 1003 2172; x_wconf 60' lang='grc' dir='ltr'><strong>ξ</strong></span> <span class='ocrx_word' id='word_1_148' title='bbox 1028 2089 1068 2152; x_wconf 85' lang='grc'>19</span> <span class='ocrx_word' id='word_1_149' title='bbox 1090 2088 1129 2153; x_wconf 90' lang='lat' dir='ltr'>ad</span> <span class='ocrx_word' id='word_1_150' title='bbox 1152 2089 1283 2152; x_wconf 84' lang='lat' dir='ltr'>eandem</span> <span class='ocrx_word' id='word_1_151' title='bbox 1305 2086 1369 2150; x_wconf 84' lang='lat' dir='ltr'>lor-</span> 
     </span>
     <span class='ocr_line' id='line_1_16' title="bbox 243 2195 487 2258; baseline 0.008 -2"><span class='ocrx_word' id='word_1_152' title='bbox 243 2213 325 2258; x_wconf 88' lang='lat' dir='ltr'>mam</span> <span class='ocrx_word' id='word_1_153' title='bbox 348 2195 487 2258; x_wconf 89' lang='lat' dir='ltr'>redeunt.</span> 
     </span>
    </p>
   </div>
   <div class='ocr_carea' id='block_1_3' title="bbox 142 2377 1473 2552">
    <p class='ocr_par' dir='ltr' id='par_1_3' title="bbox 142 2377 1473 2552">
     <span class='ocr_line' id='line_1_17' title="bbox 142 2377 1473 2467; baseline -0.006 -19"><span class='ocrx_word' id='word_1_154' title='bbox 142 2383 449 2467; x_wconf 75' lang='grc' dir='ltr'>8οἱιί.σ.ν.δοκιμα-</span> <span class='ocrx_word' id='word_1_155' title='bbox 509 2385 581 2448; x_wconf 78' lang='lat' dir='ltr'>Lex.</span> <span class='ocrx_word' id='word_1_156' title='bbox 607 2387 682 2466; x_wconf 77' lang='grc' dir='ltr'>8ος.</span> <span class='ocrx_word' id='word_1_157' title='bbox 707 2384 753 2448; x_wconf 89' lang='lat' dir='ltr'>lV.</span> <span class='ocrx_word' id='word_1_158' title='bbox 858 2383 932 2446; x_wconf 78' lang='lat' dir='ltr'>Lex.</span> <span class='ocrx_word' id='word_1_159' title='bbox 956 2382 1032 2461; x_wconf 79' lang='grc' dir='ltr'>8ος.</span> <span class='ocrx_word' id='word_1_160' title='bbox 1056 2380 1092 2444; x_wconf 85' lang='lat' dir='ltr'>v.</span> <span class='ocrx_word' id='word_1_161' title='bbox 1166 2379 1258 2444; x_wconf 82' lang='grc' dir='ltr'>Μίοίι.</span> <span class='ocrx_word' id='word_1_162' title='bbox 1284 2379 1377 2442; x_wconf 77' lang='grc' dir='ltr'>ΡσοΙΙ.</span> <span class='ocrx_word' id='word_1_163' title='bbox 1400 2377 1473 2461; x_wconf 75' lang='lat'>§5.</span> 
     </span>
     <span class='ocr_line' id='line_1_18' title="bbox 143 2467 1042 2552; baseline -0.004 -18"><span class='ocrx_word' id='word_1_164' title='bbox 143 2469 213 2534; x_wconf 90' lang='grc' dir='ltr'>σίαν</span> <span class='ocrx_word' id='word_1_165' title='bbox 244 2467 446 2552; x_wconf 79' lang='grc' dir='ltr'>ἐσαγγεῖλαι·</span> <span class='ocrx_word' id='word_1_166' title='bbox 564 2471 630 2534; x_wconf 89' lang='grc'><strong>185.</strong></span> <span class='ocrx_word' id='word_1_167' title='bbox 654 2473 697 2536; x_wconf 86' lang='grc'>32</span> <span class='ocrx_word' id='word_1_168' title='bbox 905 2469 972 2533; x_wconf 87' lang='grc'>241.</span> <span class='ocrx_word' id='word_1_169' title='bbox 999 2469 1042 2531; x_wconf 89' lang='grc'>15.</span> 
     </span>
    </p>
   </div>
   <div class='ocr_carea' id='block_1_4' title="bbox 143 2619 1475 3426">
    <p class='ocr_par' dir='ltr' id='par_1_4' title="bbox 143 2619 1261 2708">
     <span class='ocr_line' id='line_1_19' title="bbox 143 2619 1261 2708; baseline -0.004 -21"><span class='ocrx_word' id='word_1_170' title='bbox 143 2627 178 2687; x_wconf 83' lang='grc' dir='ltr'>τὸ</span> <span class='ocrx_word' id='word_1_171' title='bbox 202 2623 294 2708; x_wconf 87' lang='grc' dir='ltr'>δίκην</span> <span class='ocrx_word' id='word_1_172' title='bbox 325 2621 449 2706; x_wconf 81' lang='grc' dir='ltr'>ἑταιρή-</span> <span class='ocrx_word' id='word_1_173' title='bbox 478 2623 662 2708; x_wconf 84' lang='grc' dir='ltr'>δοκιμασίαν</span> <span class='ocrx_word' id='word_1_174' title='bbox 686 2623 784 2708; x_wconf 91' lang='grc' dir='ltr'>ἐπαγ·</span> <span class='ocrx_word' id='word_1_175' title='bbox 822 2619 1009 2707; x_wconf 83' lang='grc' dir='ltr'>δοκιμασίαν</span> <span class='ocrx_word' id='word_1_176' title='bbox 1031 2621 1129 2703; x_wconf 90' lang='grc' dir='ltr'>ἐπαγ·</span> <span class='ocrx_word' id='word_1_177' title='bbox 1258 2625 1261 2634; x_wconf 82' lang='grc'><strong><em>’</em></strong></span> 
     </span>
    </p>

    <p class='ocr_par' dir='ltr' id='par_1_5' title="bbox 143 2717 1475 3219">
     <span class='ocr_line' id='line_1_20' title="bbox 144 2717 1475 2810; baseline -0.007 -22"><span class='ocrx_word' id='word_1_178' title='bbox 144 2724 222 2801; x_wconf 86' lang='grc' dir='ltr'>σεὼς</span> <span class='ocrx_word' id='word_1_179' title='bbox 245 2747 314 2789; x_wconf 89' lang='grc' dir='ltr'>τινα</span> <span class='ocrx_word' id='word_1_180' title='bbox 329 2746 450 2808; x_wconf 85' lang='grc' dir='ltr'>καταγ-</span> <span class='ocrx_word' id='word_1_181' title='bbox 478 2727 604 2810; x_wconf 86' lang='grc' dir='ltr'>γεῖλαι·</span> <span class='ocrx_word' id='word_1_182' title='bbox 639 2728 675 2789; x_wconf 82' lang='grc' dir='ltr'>τὸ</span> <span class='ocrx_word' id='word_1_183' title='bbox 707 2748 784 2789; x_wconf 88' lang='grc' dir='ltr'>κατ·</span> <span class='ocrx_word' id='word_1_184' title='bbox 821 2725 1129 2810; x_wconf 83' lang='grc' dir='ltr'>γεῖλαι·τδκαταγ-</span> <span class='ocrx_word' id='word_1_185' title='bbox 1167 2723 1202 2783; x_wconf 80' lang='lat' dir='ltr'>ud</span> <span class='ocrx_word' id='word_1_186' title='bbox 1215 2720 1248 2783; x_wconf 85' lang='grc' dir='ltr'>δὲ</span> <span class='ocrx_word' id='word_1_187' title='bbox 1261 2717 1475 2802; x_wconf 80' lang='grc' dir='ltr'>καταγγείλαί</span> 
     </span>
     <span class='ocr_line' id='line_1_21' title="bbox 143 2821 1473 2914; baseline -0.006 -22"><span class='ocrx_word' id='word_1_188' title='bbox 143 2829 259 2913; x_wconf 87' lang='grc' dir='ltr'>γεῖλαι.</span> <span class='ocrx_word' id='word_1_189' title='bbox 280 2827 399 2912; x_wconf 78' lang='grc' dir='ltr'>γίνεται</span> <span class='ocrx_word' id='word_1_190' title='bbox 418 2827 451 2890; x_wconf 87' lang='grc' dir='ltr'>δὲ</span> <span class='ocrx_word' id='word_1_191' title='bbox 478 2829 627 2913; x_wconf 85' lang='grc' dir='ltr'>αγγεῖλαι</span> <span class='ocrx_word' id='word_1_192' title='bbox 693 2828 785 2914; x_wconf 81' lang='grc' dir='ltr'>δίκην</span> <span class='ocrx_word' id='word_1_193' title='bbox 821 2828 927 2912; x_wconf 82' lang='grc' dir='ltr'>γεῖλαι</span> <span class='ocrx_word' id='word_1_194' title='bbox 940 2826 1032 2911; x_wconf 86' lang='grc' dir='ltr'>δίκην</span> <span class='ocrx_word' id='word_1_195' title='bbox 1046 2825 1129 2888; x_wconf 82' lang='grc' dir='ltr'>ἑται·</span> <span class='ocrx_word' id='word_1_196' title='bbox 1166 2846 1234 2888; x_wconf 88' lang='grc' dir='ltr'>τινα</span> <span class='ocrx_word' id='word_1_197' title='bbox 1244 2823 1335 2908; x_wconf 81' lang='grc' dir='ltr'>δίκην</span> <span class='ocrx_word' id='word_1_198' title='bbox 1348 2821 1473 2904; x_wconf 84' lang='grc' dir='ltr'>ἑταιρή-</span> 
     </span>
     <span class='ocr_line' id='line_1_22' title="bbox 144 2923 1474 3018; baseline -0.005 -24"><span class='ocrx_word' id='word_1_199' title='bbox 144 2932 244 3018; x_wconf 80' lang='grc' dir='ltr'>ἡτής</span> <span class='ocrx_word' id='word_1_200' title='bbox 263 2929 452 3016; x_wconf 79' lang='grc' dir='ltr'>ἑταιρήσεως</span> <span class='ocrx_word' id='word_1_201' title='bbox 478 2931 669 3016; x_wconf 80' lang='grc' dir='ltr'>ἑταιρήσεώς</span> <span class='ocrx_word' id='word_1_202' title='bbox 703 2953 782 2994; x_wconf 87' lang='grc' dir='ltr'>τινα.</span> <span class='ocrx_word' id='word_1_203' title='bbox 821 2931 941 3016; x_wconf 82' lang='grc' dir='ltr'>μήσειος</span> <span class='ocrx_word' id='word_1_204' title='bbox 956 2929 985 2992; x_wconf 76' lang='lat' dir='ltr'>ot</span> <span class='ocrx_word' id='word_1_205' title='bbox 1001 2928 1130 3013; x_wconf 77' lang='grc' dir='ltr'>ῥήτορες</span> <span class='ocrx_word' id='word_1_206' title='bbox 1167 2949 1246 3003; x_wconf 85' lang='grc' dir='ltr'>σεως</span> <span class='ocrx_word' id='word_1_207' title='bbox 1298 2923 1474 3008; x_wconf 82' lang='grc' dir='ltr'>ἐπαγγελία</span> 
     </span>
     <span class='ocr_line' id='line_1_23' title="bbox 145 3027 1473 3118; baseline -0.005 -22"><span class='ocrx_word' id='word_1_208' title='bbox 145 3032 312 3118; x_wconf 85' lang='grc' dir='ltr'>δοκιμασία</span> <span class='ocrx_word' id='word_1_209' title='bbox 335 3035 370 3096; x_wconf 84' lang='grc' dir='ltr'>οὐ</span> <span class='ocrx_word' id='word_1_210' title='bbox 392 3044 450 3096; x_wconf 83' lang='grc' dir='ltr'>ποῖ-</span> <span class='ocrx_word' id='word_1_211' title='bbox 821 3031 1008 3118; x_wconf 84' lang='grc' dir='ltr'>δοκιμασίαν</span> <span class='ocrx_word' id='word_1_212' title='bbox 1031 3032 1129 3114; x_wconf 92' lang='grc' dir='ltr'>ἐπαγ·</span> <span class='ocrx_word' id='word_1_213' title='bbox 1167 3027 1351 3114; x_wconf 88' lang='grc' dir='ltr'>δοκιμασίας</span> <span class='ocrx_word' id='word_1_214' title='bbox 1405 3027 1473 3090; x_wconf 77' lang='grc' dir='ltr'>ἐλέ-</span> 
     </span>
     <span class='ocr_line' id='line_1_24' title="bbox 145 3135 1252 3219; baseline 0 -21"><span class='ocrx_word' id='word_1_215' title='bbox 145 3157 191 3200; x_wconf 82' lang='grc' dir='ltr'>σιν</span> <span class='ocrx_word' id='word_1_216' title='bbox 207 3135 292 3199; x_wconf 80' lang='grc' dir='ltr'>ἀλλὰ</span> <span class='ocrx_word' id='word_1_217' title='bbox 307 3135 450 3200; x_wconf 84' lang='grc' dir='ltr'>πολιτευ-</span> <span class='ocrx_word' id='word_1_218' title='bbox 820 3137 925 3219; x_wconf 82' lang='grc' dir='ltr'>γείλαι</span> <span class='ocrx_word' id='word_1_219' title='bbox 948 3135 1096 3198; x_wconf 82' lang='grc' dir='ltr'>ἐκάλουν.</span> <span class='ocrx_word' id='word_1_220' title='bbox 1165 3155 1252 3219; x_wconf 85' lang='grc' dir='ltr'>γετο.</span> 
     </span>
    </p>

    <p class='ocr_par' dir='ltr' id='par_1_6' title="bbox 145 3237 450 3324">
     <span class='ocr_line' id='line_1_25' title="bbox 145 3237 450 3324; baseline 0 -23"><span class='ocrx_word' id='word_1_221' title='bbox 145 3237 263 3324; x_wconf 83' lang='grc' dir='ltr'>ομένοις</span> <span class='ocrx_word' id='word_1_222' title='bbox 323 3239 450 3324; x_wconf 79' lang='grc' dir='ltr'>ῥήτορσι</span> 
     </span>
    </p>

    <p class='ocr_par' dir='ltr' id='par_1_7' title="bbox 146 3340 452 3426">
     <span class='ocr_line' id='line_1_26' title="bbox 146 3340 452 3426; baseline 0.01 -23"><span class='ocrx_word' id='word_1_223' title='bbox 146 3343 200 3404; x_wconf 86' lang='grc' dir='ltr'>καί</span> <span class='ocrx_word' id='word_1_224' title='bbox 261 3340 452 3426; x_wconf 81' lang='grc' dir='ltr'>ψηφίσματα</span> 
     </span>
    </p>
   </div>
   <div class='ocr_carea' id='block_1_5' title="bbox 145 3443 310 3526">
    <p class='ocr_par' dir='ltr' id='par_1_8' title="bbox 145 3443 310 3526">
     <span class='ocr_line' id='line_1_27' title="bbox 145 3443 310 3526; baseline 0.006 -20"><span class='ocrx_word' id='word_1_225' title='bbox 145 3443 310 3526; x_wconf 84' lang='grc' dir='ltr'>γράφουσι.</span> 
     </span>
    </p>
   </div>
   <div class='ocr_carea' id='block_1_6' title="bbox 249 3631 1371 4230">
    <p class='ocr_par' dir='ltr' id='par_1_9' title="bbox 250 3631 1368 3802">
     <span class='ocr_line' id='line_1_28' title="bbox 352 3631 1368 3715; baseline -0.002 -19"><span class='ocrx_word' id='word_1_226' title='bbox 352 3634 454 3697; x_wconf 81' lang='lat' dir='ltr'>lltiam</span> <span class='ocrx_word' id='word_1_227' title='bbox 488 3633 546 3698; x_wconf 93' lang='lat' dir='ltr'>hoc</span> <span class='ocrx_word' id='word_1_228' title='bbox 576 3633 643 3699; x_wconf 85' lang='lat' dir='ltr'>loco</span> <span class='ocrx_word' id='word_1_229' title='bbox 666 3633 807 3697; x_wconf 83' lang='lat' dir='ltr'>Psellunr</span> <span class='ocrx_word' id='word_1_230' title='bbox 839 3633 875 3696; x_wconf 86' lang='lat' dir='ltr'>ad</span> <span class='ocrx_word' id='word_1_231' title='bbox 900 3633 958 3696; x_wconf 83' lang='lat' dir='ltr'>lex.</span> <span class='ocrx_word' id='word_1_232' title='bbox 982 3631 1051 3715; x_wconf 80' lang='lat' dir='ltr'>Sag.</span> <span class='ocrx_word' id='word_1_233' title='bbox 1075 3631 1103 3694; x_wconf 90' lang='lat' dir='ltr'>V</span> <span class='ocrx_word' id='word_1_234' title='bbox 1130 3631 1255 3714; x_wconf 87' lang='lat' dir='ltr'>propius</span> <span class='ocrx_word' id='word_1_235' title='bbox 1279 3650 1368 3712; x_wconf 69' lang='lat' dir='ltr'>quan]</span> 
     </span>
     <span class='ocr_line' id='line_1_29' title="bbox 250 3735 1095 3802; baseline -0.002 -2"><span class='ocrx_word' id='word_1_236' title='bbox 250 3735 288 3800; x_wconf 89' lang='lat' dir='ltr'>ad</span> <span class='ocrx_word' id='word_1_237' title='bbox 312 3737 422 3800; x_wconf 85' lang='lat' dir='ltr'>Suidee</span> <span class='ocrx_word' id='word_1_238' title='bbox 446 3738 538 3801; x_wconf 92' lang='lat' dir='ltr'>verba</span> <span class='ocrx_word' id='word_1_239' title='bbox 560 3738 703 3802; x_wconf 80' lang='lat' dir='ltr'>accedere</span> <span class='ocrx_word' id='word_1_240' title='bbox 726 3737 816 3801; x_wconf 85' lang='lat' dir='ltr'>facile</span> <span class='ocrx_word' id='word_1_241' title='bbox 839 3737 916 3800; x_wconf 86' lang='lat' dir='ltr'>mihi</span> <span class='ocrx_word' id='word_1_242' title='bbox 939 3735 1095 3800; x_wconf 85' lang='lat' dir='ltr'>concedes.</span> 
     </span>
    </p>

    <p class='ocr_par' dir='ltr' id='par_1_10' title="bbox 249 3837 1371 4230">
     <span class='ocr_line' id='line_1_30' title="bbox 352 3837 1370 3922; baseline -0.004 -19"><span class='ocrx_word' id='word_1_243' title='bbox 352 3838 465 3904; x_wconf 80' lang='lat' dir='ltr'>Contra</span> <span class='ocrx_word' id='word_1_244' title='bbox 496 3859 587 3921; x_wconf 89' lang='lat' dir='ltr'>quem</span> <span class='ocrx_word' id='word_1_245' title='bbox 610 3858 704 3906; x_wconf 83' lang='lat' dir='ltr'>causa</span> <span class='ocrx_word' id='word_1_246' title='bbox 726 3839 849 3922; x_wconf 82' lang='grc' dir='ltr'>φάσεως</span> <span class='ocrx_word' id='word_1_247' title='bbox 871 3839 1015 3903; x_wconf 84' lang='lat' dir='ltr'>instituta</span> <span class='ocrx_word' id='word_1_248' title='bbox 1037 3839 1087 3914; x_wconf 84' lang='lat' dir='ltr'>sit,</span> <span class='ocrx_word' id='word_1_249' title='bbox 1119 3837 1219 3920; x_wconf 86' lang='lat' dir='ltr'>magis</span> <span class='ocrx_word' id='word_1_250' title='bbox 1246 3837 1278 3900; x_wconf 88' lang='lat' dir='ltr'>in</span> <span class='ocrx_word' id='word_1_251' title='bbox 1302 3837 1370 3900; x_wconf 88' lang='lat' dir='ltr'>uni-</span> 
     </span>
     <span class='ocr_line' id='line_1_31' title="bbox 250 3938 1370 4026; baseline -0.004 -20"><span class='ocrx_word' id='word_1_252' title='bbox 250 3961 371 4006; x_wconf 85' lang='lat' dir='ltr'>versum</span> <span class='ocrx_word' id='word_1_253' title='bbox 395 3943 618 4024; x_wconf 76' lang='lat' dir='ltr'>Harpocration</span> <span class='ocrx_word' id='word_1_254' title='bbox 642 3961 667 4007; x_wconf 85' lang='lat' dir='ltr'>s.</span> <span class='ocrx_word' id='word_1_255' title='bbox 690 3963 719 4007; x_wconf 89' lang='lat' dir='ltr'>v.</span> <span class='ocrx_word' id='word_1_256' title='bbox 742 3942 844 4026; x_wconf 84' lang='grc' dir='ltr'>φάσις,</span> <span class='ocrx_word' id='word_1_257' title='bbox 867 3942 948 4006; x_wconf 88' lang='lat' dir='ltr'>unde</span> <span class='ocrx_word' id='word_1_258' title='bbox 972 3942 1055 4006; x_wconf 87' lang='lat' dir='ltr'>Suid.</span> <span class='ocrx_word' id='word_1_259' title='bbox 1080 3960 1104 4004; x_wconf 82' lang='lat' dir='ltr'>e.</span> <span class='ocrx_word' id='word_1_260' title='bbox 1124 3960 1151 4003; x_wconf 89' lang='grc' dir='ltr'>ν.</span> <span class='ocrx_word' id='word_1_261' title='bbox 1176 3939 1269 4024; x_wconf 87' lang='grc' dir='ltr'>φοίσις</span> <span class='ocrx_word' id='word_1_262' title='bbox 1291 3938 1370 4022; x_wconf 68' lang='grc' dir='ltr'>ςλὶ)</span> 
     </span>
     <span class='ocr_line' id='line_1_32' title="bbox 249 4042 1370 4127; baseline -0.003 -20"><span class='ocrx_word' id='word_1_263' title='bbox 249 4045 280 4107; x_wconf 84' lang='lat' dir='ltr'>et</span> <span class='ocrx_word' id='word_1_264' title='bbox 304 4045 352 4108; x_wconf 80' lang='lat' dir='ltr'>Et.</span> <span class='ocrx_word' id='word_1_265' title='bbox 376 4045 420 4108; x_wconf 93' lang='lat' dir='ltr'>M.</span> <span class='ocrx_word' id='word_1_266' title='bbox 445 4045 517 4109; x_wconf 84' lang='lat'>795.</span> <span class='ocrx_word' id='word_1_267' title='bbox 544 4047 816 4124; x_wconf 76' lang='lat' dir='ltr'>remanaverunt,</span> <span class='ocrx_word' id='word_1_268' title='bbox 841 4045 1021 4127; x_wconf 83' lang='lat' dir='ltr'>disputavit.</span> <span class='ocrx_word' id='word_1_269' title='bbox 1068 4044 1231 4122; x_wconf 88' lang='lat' dir='ltr'>Inprimis</span> <span class='ocrx_word' id='word_1_270' title='bbox 1255 4043 1293 4119; x_wconf 86' lang='lat' dir='ltr'>ei,</span> <span class='ocrx_word' id='word_1_271' title='bbox 1318 4042 1370 4122; x_wconf 91' lang='lat' dir='ltr'>qui</span> 
     </span>
     <span class='ocr_line' id='line_1_33' title="bbox 249 4146 1371 4230; baseline -0.003 -21"><span class='ocrx_word' id='word_1_272' title='bbox 249 4147 363 4229; x_wconf 86' lang='lat' dir='ltr'>injuria</span> <span class='ocrx_word' id='word_1_273' title='bbox 385 4147 544 4228; x_wconf 85' lang='lat' dir='ltr'>praedium</span> <span class='ocrx_word' id='word_1_274' title='bbox 575 4147 734 4228; x_wconf 87' lang='lat' dir='ltr'>publicum</span> <span class='ocrx_word' id='word_1_275' title='bbox 757 4147 965 4230; x_wconf 86' lang='lat' dir='ltr'>possidebant,</span> <span class='ocrx_word' id='word_1_276' title='bbox 997 4149 1074 4226; x_wconf 84' lang='lat' dir='ltr'>tum,</span> <span class='ocrx_word' id='word_1_277' title='bbox 1107 4148 1160 4228; x_wconf 92' lang='lat' dir='ltr'>qui</span> <span class='ocrx_word' id='word_1_278' title='bbox 1182 4146 1290 4210; x_wconf 89' lang='lat' dir='ltr'>domos</span> <span class='ocrx_word' id='word_1_279' title='bbox 1313 4163 1371 4224; x_wconf 89' lang='lat' dir='ltr'>pu-</span> 
     </span>
    </p>
   </div>
   <div class='ocr_carea' id='block_1_7' title="bbox 251 4337 507 4344">
    <p class='ocr_par' dir='ltr' id='par_1_11' title="bbox 251 4337 507 4344">
     <span class='ocr_line' id='line_1_34' title="bbox 251 4337 507 4344; baseline -0.004 0"><span class='ocrx_word' id='word_1_280' title='bbox 251 4337 507 4344; x_wconf 75' lang='lat'>—.-..---—--</span> 
     </span>
    </p>
   </div>
   <div class='ocr_carea' id='block_1_8' title="bbox 356 4455 487 4520">
    <p class='ocr_par' dir='ltr' id='par_1_12' title="bbox 356 4455 487 4520">
     <span class='ocr_line' id='line_1_35' title="bbox 356 4455 487 4520; baseline -0.015 -14"><span class='ocrx_word' id='word_1_281' title='bbox 356 4459 380 4518; x_wconf 75' lang='lat' dir='ltr'>l)</span> <span class='ocrx_word' id='word_1_282' title='bbox 402 4467 427 4520; x_wconf 85' lang='lat' dir='ltr'>p.</span> <span class='ocrx_word' id='word_1_283' title='bbox 446 4455 487 4506; x_wconf 87' lang='grc'>34.</span> 
     </span>
    </p>
   </div>
   <div class='ocr_carea' id='block_1_9' title="bbox 0 0 1719 5268">
    <p class='ocr_par' dir='ltr' id='par_1_13' title="bbox 0 0 1719 5268">
     <span class='ocr_line' id='line_1_36' title="bbox 0 0 1719 5268; baseline 0 0"><span class='ocrx_word' id='word_1_284' title='bbox 0 0 1719 5268; x_wconf 95' lang='lat' dir='ltr'> </span> 
     </span>
    </p>
   </div>
  </div>
 </body>
</html>
