3396 5278
880 518 925 584 96

800 608 1005 622 ι--ι-ιρ

336 721 397 788 alia
423 721 528 806 glossa
558 720 723 788 discrimen
756 721 839 788 iuter
868 719 987 806 βουλὴν
1018 721 1077 806 τὴν
1108 719 1141 786 ἐν
1172 717 1284 806 Ἀρείῳ
1307 719 1400 806 πόρῳ
1430 723 1463 787 et

335 824 454 911 βουλὴν
476 832 539 889 τῶν
561 823 626 889 500
653 823 876 907 explicabatur,
908 823 995 890 velut
1015 823 1074 888 lex.
1098 821 1169 907 Seg.
1191 822 1230 888 V.
1253 821 1327 888 222.
1350 823 1381 904 6,
1403 823 1462 892 lex.

336 927 404 1010 Seg.
429 925 482 992 Vl.
506 926 598 993 4441
625 952 666 984 ==
691 925 776 992 Suid.
800 945 825 992 s.
847 945 878 994 ν.
900 925 1025 1011 Ἀραος
1046 925 1163 1010 πάγος)
1186 925 1246 1005 bic,
1271 925 1350 1006 dico,
1388 928 1462 993 ordo

201 1083 203 1092 ,
335 1030 394 1098 sibi
427 1031 571 1098 constans
603 1029 686 1114 apud
716 1048 822 1098 omues
853 1031 918 1098 tres
951 1030 1116 1112 scriptores
1137 1030 1273 1114 primum
1296 1048 1351 1096 nos
1374 1029 1462 1097 docet

335 1151 443 1199 omues
474 1132 514 1212 ed
546 1152 640 1200 unum
673 1132 790 1200 iontem
823 1132 997 1200 referendos
1028 1150 1105 1208 esse,
1143 1133 1212 1200 tum
1242 1132 1462 1201 Demosthenis

335 1234 507 1302 orationem
539 1237 646 1320 magni
677 1235 772 1303 fuisse
794 1235 945 1302 momenti
967 1235 999 1300 in
1021 1235 1127 1319 gloase
1148 1233 1370 1318 componendo.
1415 1235 1463 1302 lhi

335 1339 416 1406 euim
439 1339 528 1406 nobis
550 1339 658 1406 eedem
681 1340 774 1406 series
805 1340 997 1422 Areopagus,
1028 1337 1217 1418 Palladium,
1249 1337 1460 1422 Delphiuium,

334 1441 546 1526 Pryteneium,
579 1442 728 1510 Phreatto
760 1443 901 1522 occurrit,
936 1461 1007 1508 cum
1031 1441 1215 1510 Aristoteles
1246 1441 1342 1508 aliem
1373 1459 1462 1525 pree·

334 1545 430 1610 seret:
475 1545 666 1630 Areopagus,
711 1545 899 1625 Palladium,
938 1545 1149 1628 Delphinium,
1186 1545 1345 1624 Phreatto,
1382 1543 1462 1628 Pry-

334 1648 483 1714 taneium.
1360 1663 1365 1672 ·

437 1750 556 1834 Neque,
589 1751 672 1834 quod
695 1750 734 1817 ud
758 1751 881 1835 singula
903 1752 1062 1834 parricidii
1084 1769 1199 1836 genera
1221 1751 1343 1829 attinet,
1374 1750 1460 1828 lutet,

335 1854 463 1936 pluraue
497 1872 533 1919 ex
554 1852 724 1919 Aristotele
758 1872 796 1919 au
818 1852 944 1919 aliunde
967 1853 1079 1920 hausta
1109 1854 1181 1934 siut,
1215 1871 1401 1937 quamquem
1431 1854 1464 1917 et

335 1957 443 2022 hicet
473 1955 532 2034 illi,
564 1955 783 2040 lexicographi,
815 1957 908 2022 nimis
932 1957 1040 2022 breves
1071 1959 1154 2025 sunt.
1207 1955 1306 2042 Leges
1337 1954 1462 2038 quidem

335 2059 494 2142 capitales,
533 2077 609 2143 quas
647 2059 786 2126 homines
809 2061 913 2144 graeci
936 2059 1047 2146 νόμους
1070 2059 1216 2144 φονικοός
1250 2059 1461 2136 nominabant

335 2162 461 2230 eaedem
484 2164 574 2230 erant
595 2181 664 2228 cum
681 2163 845 2230 Aristoteli
867 2165 936 2230 tum
957 2164 1141 2244 oratoribus,
1164 2183 1262 2247 neque
1276 2161 1462 2230 Aristoteles

334 2267 392 2332 hec
415 2265 447 2332 iu
470 2267 558 2350 parte
580 2266 652 2348 plus
675 2285 768 2349 quam
789 2267 876 2352 leges
899 2268 982 2351 ipsas
1006 2267 1080 2334 dare
1102 2267 1211 2333 voluit.
1255 2267 1317 2332 Sed
1339 2267 1371 2332 iu
1393 2265 1463 2349 lege

335 2369 374 2434 ed
406 2371 603 2454 Areopagum
635 2371 825 2452 pertinente,
864 2389 957 2454 quam
995 2372 1077 2454 apud
1108 2371 1269 2438 Demosth.
1303 2369 1356 2434 23.
1379 2367 1421 2432 24
1438 2367 1462 2444 ¹)

334 2472 480 2556 legimus,
505 2473 665 2538 Pollucem
689 2473 803 2540 oratori
826 2493 858 2541 se
881 2475 1036 2557 applicare
1059 2475 1206 2540 maluisse
1228 2472 1301 2538 iude
1323 2472 1462 2554 apparet,

334 2574 416 2656 quod
432 2575 513 2640 sicut
525 2576 586 2640 iste
602 2576 762 2642 enumerat
778 2575 881 2659 φόνος,
906 2585 1029 2661 τραῦμα
1049 2576 1088 2642 ἐκ
1110 2574 1266 2659 προνοίας,
1290 2582 1460 2657 πυρκαϊᾶς,

334 2677 520 2762 φαρμάκων,
557 2696 617 2742 non
651 2679 687 2744 ut
719 2679 904 2745 Aristoteles
935 2679 1038 2763 φόνος,
1080 2687 1202 2764 τραῦμα
1235 2677 1273 2742 ἐκ
1304 2674 1460 2760 προνοίας,

334 2780 520 2866 φαρμάκων,
559 2789 727 2866 πυρκαϊᾶς.
784 2781 871 2847 Idem
901 2782 1100 2848 observamus
1131 2783 1163 2847 iu
1197 2779 1387 2859 criminibus,
1425 2779 1463 2844 de

334 2883 445 2966 quibus
477 2881 529 2946 ἐπί
559 2879 740 2967 Πρυτανείῳ
767 2882 976 2967 judicabatur.
1020 2883 1089 2950 nesi
1121 2883 1228 2949 charta
1258 2880 1462 2953 Loudiueusia

335 2987 481 3053 hocloco
514 2986 645 3052 discissa
667 2987 724 3066 cet,
758 2989 862 3054 tannen
886 2990 1104 3070 argumentum
1127 2987 1203 3052 eatis
1226 2986 1392 3070 diligenter
1413 3003 1461 3048 re-

335 3091 424 3157 stitui
445 3091 477 3155 et
498 3108 553 3172 pro
576 3091 659 3155 certo
682 3090 824 3156 contendi
847 3091 951 3172 potest
972 3111 1032 3156 non
1056 3091 1210 3157 exstitisse
1247 3091 1325 3156 tolie
1359 3089 1460 3166 verba,

335 3193 439 3276 qualia
470 3193 552 3276 apud
585 3192 675 3260 Dem.
708 3193 760 3259 23.
789 3193 832 3256 76
862 3193 1014 3278 legimus:
1053 3194 1107 3258 ἐὰν
1139 3192 1230 3269 λίθος
1262 3194 1283 3277 ἢ
1316 3191 1409 3271 ξύλον
1439 3191 1460 3274 ῆ

335 3297 458 3384 σίδηρος
488 3298 510 3382 ἠ
542 3319 571 3362 τι
604 3306 743 3362 τοιοῦτον
774 3297 912 3382 ἐμπεσόν
943 3295 1069 3380 πατάξῃ
1103 3298 1234 3360 καὶτὸν
1258 3295 1313 3381 μὲν
1337 3293 1460 3380 βαλόντ’

335 3402 433 3484 ἀγνοῇ
467 3421 524 3482 τις,
558 3400 636 3464 αὐτό
668 3399 762 3486 δέίδῇ
795 3403 851 3464 καί
882 3400 944 3486 ἔχῃ
977 3402 1012 3464 τὸ
1044 3401 1097 3464 τὸν
1128 3397 1221 3482 φόνον
1244 3395 1459 3482 εἰργασμένον,

336 3503 454 3580 τούτοις
477 3503 618 3568 ἐνταῦθα
649 3503 858 3588 λαγχάνεται.
916 3501 1000 3584 Quae
1023 3503 1127 3582 verbu,
1163 3502 1307 3583 corrupta
1338 3499 1462 3583 quidem

335 3609 366 3672 et
398 3609 564 3686 contracte,
596 3607 628 3672 in
661 3608 718 3672 lex.
752 3607 822 3692 Seg.
850 3607 886 3670 V.
918 3607 1110 3689 repetuntur.
1155 3603 1245 3684 Quod
1277 3607 1381 3669 autem
1412 3602 1463 3666 hic

336 3711 442 3776 auctor
463 3710 521 3776 lex.
540 3711 610 3794 Seg.
633 3710 668 3774 V.
692 3711 784 3776 verba
806 3710 886 3794 legis
909 3709 1049 3792 pleniora
1072 3709 1103 3773 et
1125 3707 1293 3790 integriora
1316 3706 1461 3783 servavit,

335 3813 446 3878 Pollux
468 3832 504 3878 ea
525 3813 626 3896 magis
648 3814 780 3892 vexavit,
813 3811 920 3878 eodem
952 3811 1043 3876 modo
1075 3828 1111 3876 ec
1135 3809 1216 3894 quod
1239 3810 1277 3874 de
1300 3810 1462 3892 Areopago

336 3919 385 3981 hic
417 3917 523 3982 contra
553 3915 734 3995 fideliorem,
765 3916 820 3980 ille
852 3915 1116 4000 neglegentiorem
1149 3913 1371 3996 repraestitit,
1408 3929 1462 3975 nos

336 4039 394 4086 neu
433 4019 583 4084 deterrere
621 4020 731 4102 potest,
770 4020 934 4101 quominus
966 4019 1072 4084 ambos
1106 4017 1146 4084 ad
1176 4017 1307 4082 eundem
1347 4014 1461 4081 fontem

336 4124 513 4188 referemus.
571 4123 607 4188 Id
639 4123 751 4206 ipsum,
784 4123 865 4206 quod
888 4123 1069 4207 Hesychius,
1107 4120 1227 4200 Pollux,
1259 4120 1316 4185 lex.
1342 4115 1463 4202 Segll

442 4452 467 4516 1)
486 4448 519 4502 cf.
539 4463 624 4516 supra
642 4462 667 4516 p.
686 4448 710 4502 4.
