3396 5278
860 545 922 612 134

323 753 450 822 Pollnoe
482 755 532 820 ΧΓ
555 754 597 818 ru
629 755 728 829 docet,
763 755 900 837 'aliquam
930 754 1011 818 inter
1045 753 1206 835 utriusque
1242 751 1318 835 opu's
1351 753 1447 818 inter-

324 861 452 924 cessisse
475 857 639 923 rationem

388 1031 565 1097 Athenaeus
588 1032 637 1096 ΧΙ.
661 1033 772 1097 lotis.-

323 1181 576 1271 Πλημοχόη.
608 1192 719 1260 σκεῦος
741 1205 840 1275 sepo-2

324 1294 417 1380 μεοῦν
427 1286 616 1374 βεμβικῶδες
627 1287 748 1372 ἑδραῖον
758 1287 836 1372 ἡσυ-

323 1399 382 1474 χη,
407 1389 424 1452 ὃ
447 1389 635 1456 κοτυλίσκον
658 1391 732 1455 ἔνιοι
747 1412 836 1476 προς-

325 1489 538 1577 αγορεύουοιν,
572 1495 613 1571 ὥς
644 1515 722 1580 φησι
746 1493 836 1584 Ποίμ-

323 1595 422 1678 φιλος.
452 1592 600 1682 Χρῶνται
631 1597 671 1682 δη
695 1597 780 1681 αὐτῷ
803 1597 837 1660 ἐν

223 1771 225 1783 ,
322 1697 478 1764 Ἐλευσῖνι
509 1709 549 1786 τη
582 1697 750 1784 τελευταίᾳ
774 1707 838 1764 τῶν
937 1703 939 1710 ’

1065 1031 1179 1096 Pollux
1202 1030 1239 1096 Χ.
1264 1030 1319 1096 73.

932 1181 1019 1268 τοίχα
1030 1183 1064 1246 δὲ
1074 1185 1129 1247 καὶ
1139 1181 1353 1268 πλημοχόην·
1380 1185 1447 1246 ἐστι

932 1286 966 1350 δὲ
998 1295 1170 1372 κεραμεοῦν
1203 1285 1352 1371 ἀγγεῖον,
1389 1288 1447 1350 οὐκ

933 1391 1008 1476 ἔχον
1030 1388 1101 1468 ὀξὺν
1127 1391 1181 1453 τὸν
1203 1389 1351 1475 πυθμένα
1375 1389 1448 1454 ἀλλ’

933 1491 1055 1578 ἑδραῖον
1078 1513 1113 1556 τε
1144 1495 1199 1556 καί
1231 1491 1392 1579 στάσιμον,
1422 1494 1448 1578 ᾧ

932 1604 1071 1682 χρῶνται
1414 1675 1418 1684 .

1129 1709 1169 1784 τῇ
1193 1699 1362 1784 τελευταίᾳ
1386 1707 1449 1764 τῶν

934 1787 1123 1888 μυστηρίων,
1147 1803 1188 1888 ἣν
1206 1803 1261 1867 ἀπ’
1276 1807 1372 1869 αὐτοῦ
1389 1826 1448 1868 κα-

933 1904 1039 1971 λοῦσιν
1062 1905 1265 1993 πλημοχὸην.

324 1800 501 1888 μυοτηρίυν
516 1802 631 1890 ἡμέρᾳ,
656 1804 697 1888 ἣν
712 1806 767 1867 καί
782 1803 836 1868 ἀπ’

324 1905 420 1970 αὐτοῦ
436 1907 697 1992 προςαγορεὺουστ
713 1907 837 1992 πλημο-

323 2008 413 2093 χόας.
450 2007 483 2072 ἐν
515 2009 536 2094 ἠ
568 2007 622 2072 δύο
646 2007 837 2100 πλημοχόας

323 2099 559 2197 πληρώσαντες,
595 2114 653 2201 τὴν
685 2114 740 2199 μὲν
761 2113 837 2196 πρὸς

324 2214 492 2298 ἀνατολάς,
517 2217 576 2300 τήν
598 2215 632 2279 δὲ
654 2217 729 2300 πρὸς
752 2215 837 2280 δύσιν

323 2317 530 2403 ἀνιστάμενοι,
539 2317 764 2402 ἀνατρέπουσιν
774 2319 835 2382 ἐπι-

324 2421 468 2507 λέγοντες
491 2421 582 2516 ῥησιν
605 2421 771 2510 μυστικήν.

425 2594 588 2660 Aeoedunt
617 2593 732 2658 indicia
762 2611 798 2657 ex
821 2592 891 2658 aliis
913 2593 1002 2658 libris
1024 2593 1067 2660 H.
1091 2595 1148 2660 111.
1172 2595 1218 2660 IX
1253 2593 1445 2662 Onomastioi

315 2697 392 2779 2post
413 2696 551 2762 Roseum
573 2715 593 2761 a
614 2695 731 2762 sonnio
743 2695 767 2778 ¹)
790 2696 988 2777 potissimum
1010 2697 1150 2762 oolleota.
1195 2697 1256 2778 Qui
1279 2699 1445 2764 dummodo

315 2798 488 2874 ,Vestinum
519 2799 657 2878 deserat,
689 2798 870 2881 profiteatur
901 2799 1119 2883 Pamphilum,
1152 2821 1202 2866 me
1236 2801 1447 2868 adversarium

322 2921 383 2968 non
414 2903 547 2974 habebit
601 2903 775 2980 Vestinum,
807 2903 834 2968 si
866 2905 1011 2986 quattuor
1033 2905 1121 2970 libris
1144 2905 1329 2972 immensam
1352 2907 1447 2971 Pam-

322 3007 401 3090 phili
422 3007 584 3072 materiem
606 3026 638 3072 re
662 3027 733 3072 vera
756 3008 932 3088 complexus
954 3009 1046 3088 esset,
1074 3008 1196 3073 Polluci
1220 3028 1366 3091 umquam
1391 3029 1447 3092 ap-

321 3117 399 3189 tum,
432 3129 523 3193 quom
546 3112 736 3193 sequeretur,
770 3111 910 3178 futurum
943 3111 1038 3176 fuisse
1073 3129 1161 3194 nego.
1216 3111 1268 3178 Sin
1293 3131 1446 3178 veronen

322 3212 484 3298 ἐπιτομήν,
507 3214 561 3280 sed
583 3213 725 3299 ἐκλογήν
746 3215 848 3296 operis
867 3213 1053 3297 Pamphilu,
1079 3216 1113 3280 ut
1135 3215 1181 3280 ita
1203 3214 1314 3292 diosna,
1339 3215 1446 3294 edidis,

322 3318 386 3383 veri
406 3316 557 3383 dissimile
580 3317 687 3391 restat,
712 3315 864 3399 quomodo
884 3316 1000 3384 Pollux
1021 3315 1101 3381 hano
1123 3316 1241 3400 optimo
1263 3319 1376 3382 eventu
1398 3318 1447 3382 di-

322 3419 507 3489 versissimis
522 3420 611 3486 libris
629 3421 660 3484 ei
674 3420 706 3488 in
723 3421 942 3486 diversissimis
958 3421 1059 3499 rebus,
1084 3421 1122 3487 de
1144 3422 1283 3486 aetatum
1306 3423 1446 3504 appella·

321 3524 458 3590 tionibus
481 3524 536 3608 (ΙΙ.
556 3523 672 3592 8-13τ
697 3523 746 3588 17.
773 3523 835 3606 18),
861 3525 899 3588 de
922 3523 1122 3606 eognaiorum
1146 3527 1178 3590 et
1199 3522 1369 3588 πολιτικῶν
1391 3543 1447 3590 no·
1554 3601 1557 3613 Δ

322 3627 457 3700 minibus
490 3623 761 3712 (ΙΙΙ.16-83),
794 3627 832 3692 de
854 3626 938 3692 ludis
973 3627 1044 3710 (IX.
1067 3627 1255 3704 94-113)
1290 3629 1447 3694 consulere

322 3730 467 3811 potuerit.
1409 3719 1412 3726 ’

424 3835 531 3916 Itaque
563 3853 617 3915 per
649 3854 754 3900 omnes
786 3835 893 3900 (lenem
925 3835 1021 3900 libres
1044 3835 1179 3918 vestigia
1201 3833 1359 3916 Pamphilu
1382 3835 1446 3899 dis-

322 3957 413 4020 persa
431 3938 549 4021 jacent,
581 3938 662 4020 quod
694 3939 903 4021 suspicionem
926 3941 1030 4004 movet
1052 3938 1189 4024 λειμῶνα
1213 3938 1386 4004 Aristarchi
1409 3938 1448 4003 ad

321 4041 451 4106 formam
489 4040 680 4108 Onomastiei
716 4041 949 4123 exprimendam
988 4042 1108 4126 insigne
1147 4043 1241 4106 inisse
1280 4043 1445 4124 exemplar,

424 4317 451 4381 1)
478 4319 521 4372 De
541 4313 733 4387 Aristophane
750 4319 889 4386 Byzantio
917 4319 946 4373 et
964 4315 1102 4374 Suetonio
1121 4318 1284 4386 'tranquillo
1303 4320 1447 4374 Eustaihii

321 4403 485 4460 auctoribus
511 4406 541 4459 in
559 4405 642 4460 Jhbb.
668 4405 686 4459 f.
713 4405 785 4459 Phil.
807 4405 903 4474 Suppl.
931 4405 982 4460 Bd.
1002 4405 1060 4459 XII.
1091 4405 1158 4460 1881
1177 4421 1203 4472 p.
1221 4406 1281 4460 300.
1308 4407 1367 4460 820.
1386 4406 1446 4459 321.

320 4491 379 4545 325.
398 4492 458 4546 337.
