3408 5276
898 511 943 580 60

359 718 397 801 §§
419 716 545 781 85-91
571 720 732 802 apparent.
773 720 852 786 Tum
877 719 984 784 contra
1006 717 1087 801 apud
1109 717 1168 784 lex.
1192 716 1291 814 Cant..
1315 715 1368 799 qui
1391 717 1487 784 solius

358 819 450 905 κυρία
472 820 632 907 ἐκκλησία
655 823 807 888 rationem
832 823 935 900 habet
968 822 1068 888 multa
1091 823 1172 900 sunt,
1199 839 1276 903 quae
1299 821 1330 886 in
1354 820 1487 903 epitome

358 924 506 990 Pollucea
538 925 760 992 desiderantur.
814 927 925 992 Totam
960 926 1042 992 enim
1078 925 1115 990 de
1154 926 1241 990 sarta
1278 923 1421 1008 prytanin
1456 933 1488 990 at

358 1026 538 1092 osnacismo
569 1029 781 1109 quaestionem
803 1029 855 1094 hio
878 1027 991 1107 omisit,
1030 1027 1085 1092 ille
1108 1027 1375 1094 commemorarit.
1422 1026 1487 1092 De·

358 1129 466 1212 nique,
499 1149 576 1212 quae
599 1129 711 1196 Pollux
742 1132 825 1198 ultra
848 1132 1050 1198 Aristotelem
1082 1132 1195 1210 habet,
1227 1131 1260 1196 in
1293 1130 1351 1196 lex.
1386 1129 1485 1208 Cant,

361 1251 438 1314 quae
468 1232 518 1298 hio
547 1234 711 1300 Aristoteli
739 1235 842 1302 aliena
872 1237 954 1314 sunt,
985 1235 1052 1300 illic
1083 1253 1143 1300 non
1178 1233 1322 1318 legimus.
1387 1231 1486 1312 Quam

359 1334 484 1401 obrem
516 1356 602 1402 mero
633 1339 718 1404 casui
745 1339 942 1406 tribuendum
966 1338 1035 1417 erit,
1070 1339 1177 1404 ambos
1211 1345 1273 1402 τῶν
1305 1335 1486 1420 ἐπικλήρων

362 1439 473 1506 oblitos
497 1458 571 1506 esse.

461 1559 543 1642 ι897
568 1559 719 1643 Stojantin
731 1560 757 1644 ¹)
780 1563 1007 1646 transponendo
1030 1562 1147 1628 mederi
1162 1564 1290 1628 conatus
1305 1561 1362 1625 est.
1405 1559 1486 1624 Nam

359 1661 527 1728 colacrctas
551 1683 604 1745 pro
629 1663 786 1746 apodactis
809 1685 827 1729 a
850 1665 1006 1731 Clisthene
1029 1665 1190 1729 institutos
1214 1664 1245 1729 ot
1267 1664 1346 1728 hanc
1368 1682 1434 1728 rem
1456 1663 1486 1726 in

360 1764 490 1830 Atthide
506 1765 743 1848 Androtionis²)
767 1771 924 1832 narratam
949 1787 1016 1832 esse
1039 1768 1172 1834 constat.
1215 1765 1300 1846 Quae
1324 1764 1487 1849 Stojentini

359 1868 437 1932 ratio
461 1887 553 1946 nuno,
585 1869 749 1950 postquam
772 1889 821 1934 ars
844 1870 992 1936 Pollucea
1015 1870 1208 1936 manifestior
1231 1870 1314 1935 facta
1336 1870 1393 1946 est,
1417 1887 1487 1951 pro·

360 1970 426 2034 bari
449 1988 507 2034 non
533 1971 643 2052 potest.
689 1972 854 2038 Praeterea
886 1993 921 2038 er
953 1974 1049 2039 altero
1081 1973 1255 2056 fragmento
1278 1969 1487 2036 Androtioneo

361 2073 392 2136 in
427 2073 522 2138 schol.
554 2076 608 2140 Ar.
641 2078 698 2142 Ar.
732 2077 813 2140 1541
848 2078 969 2143 serrato
1004 2077 1218 2160 cognoscimus
1250 2075 1417 2141 colaoretas
1450 2075 1488 2138 ab

360 2174 418 2240 hoc
441 2176 690 2260 Atthidographo
722 2197 796 2244 vooo
824 2178 933 2264 ταμίαι
965 2180 1132 2262 explicatos
1166 2197 1243 2244 esse.
1297 2176 1397 2256 Quare
1420 2195 1487 2258 per-

362 2281 463 2344 motus
486 2280 597 2346 Pollux
620 2282 787 2348 colacretas
812 2301 883 2348 cum
917 2283 1040 2368 ταμίαις
1073 2283 1256 2367 conjungere
1288 2281 1397 2364 potuit,
1431 2281 1486 2344 etsi

361 2382 562 2468 αωλανιρέται
585 2386 616 2450 et
639 2385 745 2470 ταμίαι
769 2396 826 2470 τῆς
849 2387 927 2451 θεοῦ
951 2406 1012 2452 non
1035 2388 1136 2470 magis
1159 2387 1239 2450 inter
1262 2404 1328 2450 sese
1345 2384 1487 2449 conveni-

361 2488 416 2552 unt
440 2507 532 2569 quam
555 2489 772 2572 νομοφύλακες
795 2492 826 2555 at
848 2490 963 2554 ἕνδεκα
986 2492 1003 2572 p
1030 2489 1101 2555 102.
1146 2489 1280 2553 Necesse
1304 2489 1385 2551 enim
1409 2504 1489 2551 nunc

363 2589 426 2664 est,
460 2590 495 2654 ut
525 2589 602 2654 talia
633 2590 709 2656 vitia
742 2609 777 2655 ex
808 2591 906 2672 ipsius
939 2594 1073 2656 auctoris
1107 2589 1208 2656 indole
1241 2590 1488 2670 interpretemur,

354 2691 457 2756 ,nullis
490 2692 621 2766 externis
654 2691 754 2758 causis
786 2693 900 2758 auxilio
932 2695 1069 2759 adscitis.
1114 2693 1302 2774 Incipiamus
1326 2711 1345 2756 a
1367 2691 1491 2774 ταμίαις

362 2802 419 2878 τῆς
441 2794 529 2858 θεοῦ.
576 2795 646 2862 Non
669 2796 770 2862 solum
783 2797 905 2876 Pollux,
928 2797 982 2865 scd
1005 2797 1100 2862 etiam
1123 2796 1181 2860 ler.
1206 2795 1275 2878 Sag.
1300 2794 1336 2858 V.
1362 2793 1435 2858 306.
1458 2795 1488 2858 7.

362 2898 564 2966 Aristotelem
587 2900 639 2965 47.
666 2901 681 2963 1
717 2901 815 2968 secuti
846 2903 928 2968 sunt.
984 2901 1083 2984 Harp.
1108 2920 1131 2968 s.
1155 2921 1183 2965 v.
1207 2898 1315 2985 ταμίαι
1340 2925 1378 2956 =
1404 2899 1486 2963 Suid

356 3021 387 3070 e.
410 3021 437 3066 ν.
462 3004 567 3085 glossa
591 3006 607 3066 1
633 3006 664 3072 et
686 3004 777 3070 Phot.
802 3025 826 3070 s.
849 3024 879 3071 v.
904 3033 941 3062 ε
976 3003 1061 3070 Suid.
1087 3024 1111 3070 s.
1135 3023 1163 3068 r.
1196 3003 1300 3086 glossa
1331 3001 1351 3064 2
1382 3001 1487 3068 eadem

362 3106 519 3187 praebent,
552 3106 605 3172 sed
637 3109 729 3187 priori
764 3110 870 3192 generi
893 3115 1012 3193 ταμιῶν
1035 3107 1142 3172 statim
1167 3107 1300 3172 alterum
1322 3105 1490 3170 adnectunt

362 3210 394 3274 in
418 3211 501 3276 tonte
525 3209 694 3276 Aristotele
717 3211 768 3274 61.
793 3211 811 3274 ’7
835 3211 1077 3294 perseverantes.
1105 3209 1200 3290 ,Quae
1224 3209 1305 3291 apud
1331 3206 1489 3272 Pollucem

363 3314 542 3394 sequuntur,
566 3313 749 3379 Androtioni
772 3313 927 3380 reddenda
958 3315 1040 3380 sunt.
1085 3313 1162 3380 Post
1184 3311 1407 3378 Androtionem
1431 3309 1489 3372 ali·

364 3435 424 3498 qua
446 3435 481 3480 ex
504 3416 591 3498 porte
623 3417 654 3480 in
678 3417 770 3482 huius
793 3418 894 3484 verbis
916 3419 1020 3484 nisum
1044 3415 1284 3498 Aristophanem
1307 3412 1489 3496 grammati·

364 3537 433 3584 cum
456 3519 524 3584 roci
547 3518 748 3604 νωλανιρέται
775 3521 983 3603 explanandae
1007 3539 1129 3601 operam
1155 3519 1275 3584 dedisse
1299 3513 1487 3594 audianus³).

363 3621 457 3688 (iuius
480 3623 538 3691 viri
560 3622 644 3689 docti
659 3624 872 3706 interpretatio
895 3625 943 3689 his
960 3625 1062 3692 verbis
1079 3622 1308 3688 continebatur:
1332 3619 1361 3684 οἱ
1385 3617 1489 3684 κωλα-

363 3725 472 3808 aeeon
505 3727 564 3790 εἰσὶ
596 3725 707 3810 ταμίαι
739 3735 793 3790 τοῦ
825 3727 1010 3790 draconteae
1044 3725 1159 3811 μισθοῦ
1192 3725 1247 3788 καί
1270 3724 1310 3786 τὰ
1332 3722 1374 3797 είς
1397 3719 1491 3794 θεοὺς

364 3827 597 3912 ἀναλισκόμενα
619 3827 669 3892 διὰ
693 3827 811 3894 τούτων
834 3827 1037 3913 ἀνηλίσκετο.
1078 3827 1270 3912 Quicumque
1285 3823 1394 3906 postea
1409 3821 1491 3884 huuc

360 3929 580 4012 ‚magistratum
604 3933 846 3998 commemorent
872 3930 1007 4013 exceptis
1030 3929 1274 4013 Harpocratione
1298 3927 1330 3992 et
1352 3924 1490 4000 Polluce,

363 4123 620 4131 ——a--m

465 4277 495 4428 ἐξ
511 4277 716 4430 ίίαίρὲατίίίοη
734 4377 755 4416 s.
775 4377 801 4415 v.
828 4361 977 4418 ἀποδέκται.

467 4447 492 4515 3)
511 4448 604 4503 Schol.
623 4449 668 4502 Ar.
688 4448 738 4502 Av.
759 4448 833 4503 1541.
