3408 5276
802 495 843 558 53

253 693 364 762 toritas
386 695 565 762 Aristotelis
586 698 617 762 in
642 698 797 764 Pollucem
820 699 914 767 latius
936 703 1088 783 pertinere
1111 703 1260 784 videatur,
1285 709 1381 773 liceat

252 799 332 863 mibi
355 801 458 865 omnia
481 820 541 866 unc
564 801 596 865 in
619 805 785 884 conspectu
808 823 931 886 ponere,
963 824 1040 886 quae
1064 807 1175 873 Pollux
1205 811 1276 876 huic
1298 811 1379 878 15511

252 901 371 967 debuit.

286 1189 311 1276 ξ
335 1187 362 1256 l.
408 1187 558 1258 Pollux
581 1190 728 1280 quibus
753 1193 858 1264 locis
882 1195 1108 1266 Aristotele
1130 1197 1222 1287 ipso
1246 1219 1350 1270 usus

627 1295 693 1380 sit,
717 1295 1001 1387 investigatur.

355 1481 517 1546 Pollucem
539 1483 653 1547 librum
677 1483 855 1550 Aristotelis
886 1486 989 1567 ipsum
1012 1487 1044 1554 iu
1067 1487 1210 1554 manibus
1233 1489 1378 1554 habuisse
1448 1469 1453 1482 ¹

241 1577 542 1650 ¹manifestissimum
574 1585 618 1665 fit,
653 1587 679 1650 si
706 1587 743 1670 ἐξ
766 1586 894 1650 85-92
918 1590 1129 1671 componimus
1153 1609 1223 1655 cum
1246 1591 1335 1656 Arist
1354 1595 1376 1658 t.

252 1705 319 1765 cap.
344 1685 482 1751 55-61,
535 1687 718 1753 Aristoteles
751 1691 953 1772 magistratus
985 1693 1029 1756 sic
1061 1711 1238 1774 percensere
1269 1695 1378 1772 voluit,

253 1792 288 1854 ut
310 1792 444 1872 primum
468 1793 505 1856 de
529 1812 636 1858 novem
660 1794 856 1859 archontibus
879 1797 1061 1878 generatim,
1094 1801 1160 1862 tum
1183 1797 1220 1864 dc
1243 1817 1378 1866 assesso·

252 1895 347 1974 ribus,
381 1895 490 1961 deinde
523 1897 559 1962 de
592 1897 722 1982 singulis
744 1898 951 1977 archontibus,
985 1919 1146 1986 cponymo,
1178 1921 1261 1986 rege,
1292 1901 1378 1986 pole-

253 1999 389 2077 marcho,
414 2000 632 2066 thesmothctis
656 2001 779 2066 diceret.
828 2000 945 2080 Quibus
969 2003 1160 2070 athlethetae
1182 2005 1213 2072 ct
1235 2007 1267 2070 in
1288 2005 1377 2082 libro,

252 2104 353 2186 qualis
375 2101 466 2168 hodie
489 2103 598 2181 exstat,
632 2103 738 2168 statim
762 2105 964 2188 magistratus
987 2107 1138 2172 militares
1161 2108 1379 2192 adjunguntur.

252 2205 314 2286 Qui
345 2205 419 2272 ordo
451 2225 521 2270 cum
544 2206 666 2272 Polluci
688 2225 746 2271 nou
770 2207 861 2288 plane
884 2208 1027 2290 placeret,
1060 2229 1124 2273 rem
1156 2211 1201 2275 ita
1229 2211 1377 2288 instituit,

252 2311 289 2373 51
319 2309 453 2390 primum
488 2329 554 2393 cap.
587 2311 629 2373 55
662 2310 845 2375 exscriberet
876 2311 964 2392 51555
995 2310 1174 2396 adjungeret
1200 2331 1377 2394 supremum

254 2412 448 2476 enuntiatum
473 2431 540 2494 cap.
564 2411 606 2474 59
629 2415 659 2477 51
682 2413 866 2478 stultissime
891 2413 1077 2478 athlethetae
1101 2415 1191 2494 sorte,
1224 2435 1320 2499 aeque
1344 2437 1379 2482 ac

251 2515 455 2598 magistratus
478 2515 630 2580 militares
654 2515 831 2598 suffragine
848 2537 958 2581 norem
976 2519 1178 2584 archontibus
1195 2521 1379 2586 const'tutos

252 2637 318 2682 csse
352 2619 438 2684 ratus
470 2619 546 2682 bace
578 2619 681 2683 omnia
715 2637 785 2683 oum
816 2621 970 2702 prioribus
1003 2622 1239 2704 conglutinavit.
1295 2623 1380 2704 Quae

252 2739 324 2786 cum
347 2719 384 2783 de
404 2719 625 2786 'tbesmctbetis
648 2731 737 2806 κοινῇ
763 2724 792 2787 h.
816 2741 842 2786 e.
866 2721 903 2786 de
926 2743 1034 2788 novem
1062 2725 1270 2804 archontibus,
1304 2745 1379 2809 quos

251 2824 476 2888 tbesmctbetas
508 2825 665 2889 nominare
698 2825 846 2903 solebant,
880 2827 1062 2906 enarrasset,
1095 2827 1131 2890 15
1163 2827 1379 2894 thesmothetis

250 2925 314 3012 ’ἰδίᾳ
337 2926 367 2991 h.
394 2947 420 2990 e.
446 2927 483 2990 15
502 2946 554 2991 sex
570 2927 785 3013 θεσμοθέταις
807 2927 978 3008 disputavit
993 2931 1025 2993 51
1047 2948 1113 3012 cap.
1136 2929 1178 2992 59
1200 2931 1379 2998 Aristotelis

253 3030 413 3094 contraxit.
458 3029 536 3094 Tum
570 3031 727 3096 archontis
760 3036 903 3116 cponymi
926 3031 1027 3098 officia
1049 3053 1065 3096 c
1088 3051 1153 3116 cap.
1178 3032 1232 3116 56,
1259 3036 1379 3119 regisc

252 3152 319 3216 cap.
343 3133 393 3212 57,
428 3133 617 3215 polemarchi
648 3154 664 3198 5
688 3154 754 3216 555.
777 3135 819 3198 58
850 3135 965 3200 hausit.
1020 3133 1080 3200 Sed
1103 3137 1175 3218 quia
1196 3155 1307 3202 novem
1330 3158 1379 3203 ar-

252 3235 400 3302 chontum
434 3239 465 3302 et
495 3237 774 3303 tbesmctbetarum
806 3237 907 3304 officia
938 3239 1032 3302 simul
1062 3237 1194 3304 tractare
1220 3241 1252 3304 15
1276 3240 1378 3304 animo

250 3340 388 3405 habebat
410 3342 442 3405 et
464 3341 577 3420 omnia,
600 3360 677 3423 quae
701 3359 772 3406 oum
794 3341 843 3406 his
866 3361 926 3406 non
950 3341 1164 3421 cohaerebant,
1188 3343 1378 3418 occludebat,

252 3443 375 3522 accidit,
397 3445 433 3509 51
456 3443 579 3525 peredri
602 3445 633 3508 et
655 3445 756 3510 scriba
778 3445 1067 3523 tbesmctbetarum,
1095 3463 1171 3528 quos
1194 3444 1377 3511 Aristoteles

253 3565 319 3630 cap.
354 3546 447 3611 ool
481 3549 511 3610 ct
543 3548 594 3611 55.
621 3549 648 3626 1,
683 3547 703 3610 2
734 3566 804 3612 cum
838 3567 948 3614 novem
979 3549 1179 3612 archontibus
1213 3547 1378 3632 conjunxit,

252 3649 406 3714 eximendi
428 3651 460 3715 51
481 3651 501 3735 ,5
523 3649 566 3714 92
588 3651 648 3716 soli
669 3647 824 3716 tractandi
847 3652 959 3718 555551.
1013 3651 1102 3716 Unde
1126 3669 1215 3734 porro
1238 3653 1380 3718 secutum

252 3755 307 3831 est,
340 3755 376 3818 ut
408 3753 502 3818 verba
524 3774 590 3837 cap.
614 3753 665 3817 56.
691 3755 707 3816 1
742 3774 812 3820 cum
843 3756 947 3820 verbis
971 3774 1038 3837 cap.
1062 3753 1114 3818 55.
1138 3753 1158 3817 '2
1182 3753 1380 3822 confunderet

253 3857 284 3920 et
306 3856 458 3921 statueret
481 3855 545 3922 illis
568 3855 707 3940 paredris
729 3858 777 3922 bis
792 3857 943 3922 rationem
958 3857 1146 3922 reddendam
1162 3877 1227 3923 5555
1243 3859 1379 3945 primum

251 3960 282 4024 iu
307 3961 427 4038 senatu,
450 3962 517 4024 tum
539 3960 719 4046 injudicio,
755 3961 873 4026 scribac
894 3980 965 4026 vcro
997 3959 1092 4026 semel
1115 3962 1237 4030 tantum
1259 3961 1290 4026 15
1313 3963 1379 4027 5515

248 4061 377 4145 judicio.
421 4061 502 4127 Nam
530 4062 571 4143 id,
595 4063 676 4146 5551
700 4063 893 4149 8151551151)
917 4063 1096 4129 Aristotelis
1113 4063 1221 4132 libello
1243 4065 1379 4130 nondum

356 4341 381 4405 1)
408 4337 452 4394 De
478 4339 549 4393 lulli
565 4327 690 4394 Pollucis
710 4328 748 4394 ¹iu
775 4341 895 4407 55511515
919 4340 1135 4396 Atheniensium
1162 4338 1379 4406 anthultatlbus

252 4425 418 4480 enarrandis
437 4427 616 4480 auctoritate.
653 4426 768 4480 Vratisl
790 4427 856 4480 1875
879 4441 906 4494 p.
927 4427 967 4480 13.
