3396 5278
893 508 937 572 94

809 597 1015 608 -n-——u—

385 763 387 768 -
510 713 585 778 tex.
624 713 699 795 Sep.
731 710 768 776 v.

544 800 611 866 aar.
636 799 668 863 15
694 825 732 854 =

511 885 556 950 Et.
568 881 612 950 Μ.
623 886 700 950 693.
710 885 768 949 tt.

510 1031 693 1107 πρυτανεῖα·
715 1019 768 1105 ἀρ·
779 1027 951 1104 πρυτανεῖα
1003 1020 1219 1105 temperaretur
1252 1020 1303 1084 ct·

509 1124 614 1210 γὺριον
626 1123 656 1188 τί
668 1124 766 1208 ἐστιν,
779 1121 945 1207 οὐδετέρως
976 1124 1036 1209 οὐχ
1046 1122 1178 1208 δετέρως
1196 1123 1231 1186 δὲ
1247 1143 1303 1187 σοι·

508 1230 526 1292 ὃ
554 1225 933 1312 κατετίθεσανεϋρητον
954 1222 1036 1304 ‘cavea
1045 1234 1112 1311 φῶς
1134 1228 1190 1312 μὲν
1204 1225 1304 1303 οὐδεὶς

509 1330 537 1396 οἱ
556 1329 813 1416 succrepante
836 1327 980 1414 ἀργύριόν
991 1349 1033 1411 τι,
1046 1331 1117 1394 etue
1139 1328 1169 1396 τί
1191 1329 1319 1416 δηλοῖ.-

509 1434 675 1519 οὐδετὲρως
733 1433 795 1498 δὲὸ
824 1431 1035 1497 κατατίθεται
1046 1434 1125 1508 τινὲς
1151 1431 1186 1496 δὲ
1208 1433 1302 1517 appt-

511 1537 623 1624 ῥητέον
638 1539 679 1600 τὰ
690 1559 766 1622 πρυ·
778 1537 838 1600 ὑπὸ
861 1543 921 1600 τῶν
947 1534 1107 1620 oasa-pso
1130 1537 1302 1619 aereaere

510 1650 619 1706 τοινεῖα
632 1640 667 1724 ¹).
778 1639 915 1724 ζομένων
927 1641 982 1702 καὶ
991 1637 1033 1702 bt·
1045 1638 1135 1722 εἶναι,
1168 1640 1185 1702 ὃ
1207 1659 1301 1704 κατε-

778 1741 864 1806 δοται
895 1739 1178 1806 δικαστι-τίθεσαν
1208 1742 1236 1808 οἱ
1259 1743 1301 1806 δι-

777 1847 833 1908 utu
856 1842 1235 1930 receptumreceptum,
1268 1844 1302 1923 ἐξ

1044 1947 1087 2012 ὧν
1109 1950 1145 2011 τὸ
1161 1947 1301 2012 δικαστι-

1045 2053 1101 2116 κὸν
1106 2050 1226 2115 ἐδίδοτο
1237 2061 1301 2127 τοῖς

1044 2152 1138 2218 6000.

443 2499 468 2579 Ι)
507 2498 536 2561 in
560 2498 667 2580 plocen
691 2494 958 2580 δικαστήρια
981 2492 1213 2577 Αθήνησιν
1236 2494 1283 2556 vel
1307 2494 1377 2556 aim.

448 2667 540 2732 Nunc
562 2685 622 2732 non
645 2665 790 2748 displicet
811 2664 868 2730 illa
889 2666 922 2730 in
946 2665 1127 2730 memoriam
1155 2666 1293 2730 nostram
1323 2664 1473 2750 redigere,

345 2792 423 2857 quae
448 2791 541 2855 supra
557 2771 583 2856 ²)
606 2771 645 2836 do
667 2771 771 2855 glossa
795 2769 1057 2854 Harpocrationea
1080 2769 1198 2856 esterp
1215 2770 1349 2854 exposui.
1386 2770 1475 2836 Licet

331 2858 427 2942 ¹enim
466 2875 624 2942 nonnullis
660 2875 844 2956 argumenta
880 2894 898 2940 a
932 2893 982 2942 me
1018 2873 1114 2939 allata
1150 2874 1217 2938 turn
1254 2875 1474 2958 persuaserint,

345 2980 482 3062 glossam
514 2979 603 3043 illam
630 2977 810 3043 mutilatam
832 2977 865 3042 in
887 2975 976 3042 libris
1010 2978 1123 3044 nostris
1147 2978 1365 3061 manuscriptis
1398 2977 1472 3060 legi,

345 3101 424 3146 unus
460 3081 589 3147 fortasse
622 3081 785 3165 serupulus
817 3081 912 3146 ctiam
950 3081 1000 3146 his
1031 3081 1155 3148 resedit.
1209 3079 1349 3161 Quonam
1380 3082 1472 3146 modo

345 3185 412 3250 fieri
444 3185 558 3267 potuit,
594 3186 630 3250 ut
659 3185 886 3269 Harpocration
919 3203 1009 3252 voces
1041 3183 1161 3269 εὐθύνη
1185 3185 1215 3249 et
1237 3183 1382 3269 λογισταί
1413 3203 1471 3250 una

344 3287 449 3372 glossa
479 3287 761 3370 complecteretur?
805 3286 891 3368 Quae
924 3286 1076 3352 dubitatio
1108 3305 1189 3351 nunc
1220 3305 1293 3352 sane
1324 3285 1471 3351 facillimo

344 3391 476 3455 tollitur.
531 3390 652 3474 Nempe
674 3390 900 3472 Harpocration
933 3408 1027 3473 aeque
1050 3409 1086 3454 ac
1109 3389 1222 3454 Pollux
1255 3391 1377 3471 praeter
1399 3389 1471 3454 Ari-

345 3492 490 3558 stotelem
520 3494 623 3575 ipsum
655 3493 711 3558 illo
744 3495 878 3560 auctoris
900 3494 1012 3574 incerti
1033 3493 1131 3558 lexico
1153 3493 1305 3558 rhetorico
1327 3511 1401 3558 usus
1424 3495 1472 3557 est

346 3595 455 3661 attali
478 3595 569 3662 modo
591 3597 785 3681 intellegitur
809 3597 982 3664 similitudo
1005 3597 1179 3679 glossarum
1203 3595 1372 3660 multarum
1400 3613 1471 3660 cum

345 3699 506 3764 Photianis
539 3699 570 3765 et
600 3700 690 3765 lexici
716 3700 896 3785 Segueriani
919 3699 956 3780 V,
985 3697 1171 3783 jamdudum
1203 3699 1416 3765 animadversa
1433 3697 1468 3782 ⁸).

344 3801 569 3883 Harpocration
600 3803 720 3886 glossas
752 3803 873 3888 cooeva
905 3803 937 3868 et
968 3800 1113 3886 λογισταί
1143 3802 1175 3866 in
1206 3801 1290 3868 tonte
1322 3821 1377 3868 suo
1403 3803 1470 3887 jam

450 4091 476 4160 1)
494 4092 627 4160 Reliquos
640 4094 728 4158 locos,
747 4093 849 4161 quitus
864 4094 898 4148 ‹le
911 4093 965 4148 hac
978 4095 1100 4162 pecunia
1111 4096 1213 4164 agitur,
1225 4096 1291 4150 vide
1303 4111 1346 4164 ap.
1361 4097 1468 4155 Boekn.

345 4176 490 4233 Staatsh.³
509 4179 528 4232 l.
547 4194 572 4247 p.
590 4180 643 4234 416
661 4194 701 4248 sq.

449 4265 478 4328 2)
497 4279 556 4332 cap.
576 4265 595 4319 I.
615 4267 630 4332 ἓ
648 4267 672 4320 6.

448 4350 476 4418 3)
495 4349 595 4416 Nabar,
624 4352 666 4407 ed.
695 4351 775 4407 Phot.
794 4353 873 4420 proll.
902 4367 926 4421 p.
950 4353 1005 4407 180.
1043 4352 1156 4422 Boysen
1184 4355 1201 4408 l.
1221 4355 1237 4408 l.
1258 4368 1282 4422 p.
1301 4354 1343 4410 46.
1380 4354 1467 4408 Gohn.
