3408 5276
781 563 819 624 15

338 771 443 850 Vides,
467 771 603 854 Etymol.
627 770 733 852 Magn.
757 769 857 852 magis
889 768 1054 832 abhorrere
1086 765 1239 831 anotio
1271 785 1365 848 quam

238 879 332 943 aler.
349 874 536 959 Segueriano
559 875 590 940 et
604 874 777 940 Patmiaco.
800 873 894 936 Illum
918 889 972 935 suo
988 870 1103 955 jndicio
1119 869 1317 954 καλλιερήσῃ
1333 869 1363 933 in

234 979 445 1064 καλλιερῆσαι
461 977 530 1062 δὲῃ,
548 977 811 1062 συγκαλλιεροῠσι
827 985 892 1050 τοῖς
906 974 1100 1060 μαντεύμασι
1116 975 1147 1037 in
1164 973 1365 1056 καλλιεροῦσι

233 1086 402 1171 μετὰτῶν
425 1083 566 1168 μάντεων
596 1083 765 1147 mutavisse
799 1083 831 1145 ct
861 1081 892 1144 in
926 1081 1025 1144 altera
1052 1080 1138 1161 parte
1162 1097 1216 1160 pro
1239 1095 1365 1140 numero

237 1187 358 1252 infinito
383 1185 521 1270 adprecor
552 1205 713 1251 numerum
745 1187 865 1250 certum
897 1182 976 1248 δέκα
999 1183 1159 1265 scripsisse
1183 1201 1241 1245 non
1266 1180 1365 1257 credo,
1465 1217 1468 1228 ι

241 1290 421 1373 praesertim
444 1309 514 1354 cum
539 1291 695 1372 appareat,
719 1288 800 1354 unda
823 1307 878 1353 sua
902 1286 1079 1369 sumpserit,
1104 1285 1233 1349 elerico
1250 1284 1367 1366 Segne·

237 1393 335 1458 riano.
357 1392 489 1457 Lerioon
499 1391 696 1456 Patmiaeum
705 1409 760 1473 pro
771 1391 924 1473 suaparte
935 1389 1150 1455 communibus
1161 1387 1263 1453 vorbis
1276 1405 1366 1451 usum

233 1516 310 1561 -cum
331 1496 444 1560 Photio
467 1497 534 1559 tum
557 1496 608 1559 Et.
631 1495 675 1559 M.
698 1513 805 1560 ansam
829 1494 923 1573 dedit,
955 1495 991 1557 ut
1012 1493 1072 1570 hio,
1106 1511 1267 1556 numerum
1292 1510 1368 1555 eun·

240 1603 321 1680 dem,
345 1619 473 1664 munera
496 1600 558 1665 alia
581 1601 675 1665 luisse
699 1600 796 1678 ratus,
821 1599 935 1665 diceret
958 1598 1096 1663 edecem
1112 1597 1186 1662 viris
1202 1595 1367 1678 collegium

233 1703 443 1784 compositum
466 1721 542 1781 esse,
573 1703 628 1767 ille
660 1704 776 1780 contra,
800 1704 885 1768 ratus
908 1703 940 1766 et
963 1719 1125 1766 numerum
1148 1703 1180 1764 et
1202 1698 1367 1778 collegium

240 1825 258 1870 a
290 1807 389 1888 priore
421 1806 541 1870 diversa
573 1825 654 1884 esse,
691 1808 840 1870 statueret
871 1825 1032 1871 numerum
1066 1823 1171 1868 eorum
1210 1801 1368 1866 infinitum

241 1909 344 1986 fuisse,
378 1908 497 1972 scilicet
519 1909 591 1990 quie
622 1910 698 1973 certi
720 1909 799 1972 nibil
822 1909 1015 1992 cognoverat.
1062 1907 1151 1971 Talia
1179 1904 1369 1982 discrimina,

232 2029 318 2092 «quae
349 2011 482 2076 multum
514 2012 620 2077 valent
649 2011 841 2094 temporibus
872 2010 1164 2094 glossographorum
1198 2008 1368 2090 lexicogra-

227 2113 440 2196 *pborumqua
465 2135 535 2180 cum
548 2115 626 2179 alter
639 2116 770 2179 alterum
783 2115 939 2192 describit,
956 2114 1119 2192 contrahit,
1136 2113 1257 2196 praeter
1272 2129 1369 2194 nugas

240 2217 320 2280 nibil
342 2217 437 2293 addit
471 2237 519 2282 me
542 2237 661 2300 quoque
683 2219 854 2300 prohibent,
889 2219 1052 2300 quominus
1075 2219 1197 2282 credam
1220 2217 1270 2282 Et.
1299 2213 1368 2278 Ma-

235 2341 338 2402 gnum
369 2323 400 2385 in
431 2342 486 2387 suo
508 2323 588 2388 libro
611 2323 764 2388 Photiano
795 2325 870 2388 haec
902 2323 1004 2387 omnia
1036 2322 1235 2402 invenisset.
1289 2318 1369 2383 Sane

242 2427 350 2488 auctor
372 2426 422 2490 ut.
446 2425 529 2508 Mag.
555 2428 658 2492 codice
681 2427 742 2492 alio
766 2447 801 2492 ao
830 2427 968 2492 Galeano
992 2445 1064 2490 usus
1089 2425 1145 2502 est,
1170 2442 1243 2488 nam
1265 2423 1370 2506 glossa

237 2531 406 2613 τιμητικὸν
437 2530 589 2609 πινάκιον,
620 2549 713 2614 quam
745 2549 799 2596 nos
834 2530 915 2614 apud
940 2530 1084 2595 Photium
1117 2549 1141 2593 s.
1174 2548 1203 2594 v.
1235 2527 1370 2591 laceram

243 2631 387 2713 legimus
423 2634 504 2714 apud
536 2635 585 2698 Et.
618 2634 723 2718 Magn.
750 2634 867 2698 7592
899 2635 1076 2699 etiamnunc
1106 2633 1227 2714 integra
1258 2629 1324 2694 onst
1344 2629 1368 2692 t.

242 2734 324 2798 Aliis
355 2735 442 2812 locis,
473 2737 527 2801 ubi
558 2737 783 2820 discrepantiae
806 2738 937 2822 maj0res
959 2738 1041 2802 inter
1063 2737 1228 2816 utrumque
1251 2734 1368 2814 patent,

238 2839 361 2902 alterne
393 2859 428 2904 ex
460 2841 557 2905 altero
589 2841 722 2923 pendeat
752 2863 790 2906 an
813 2842 941 2924 uterque
965 2841 1004 2905 ad
1027 2839 1157 2904 eundem
1181 2839 1298 2902 fontem
1320 2853 1369 2898 re-

240 2943 356 3020 currat
382 2942 550 3026 dijudicare
573 2945 654 3010 nolo.
714 2945 828 3010 Nostro
855 2945 922 3010 loco
945 2943 1023 3008 mihi
1045 2943 1194 3024 posterior
1217 2938 1370 3004 sententia

245 3044 358 3126 placet.
399 3045 458 3110 Sed
481 3047 538 3112 hoc
561 3048 639 3112 nihil
661 3049 699 3113 ad
721 3069 796 3114 rem.
838 3048 920 3114 Satis
942 3047 1019 3111 mihi
1042 3047 1090 3111 est
1111 3045 1243 3110 alterum
1266 3043 1368 3106 locum

243 3147 408 3226 invenisse,
431 3149 484 3214 ubi
508 3154 615 3232 glossa
640 3153 688 3218 Et.
713 3154 818 3236 Magni
842 3173 859 3216 e
883 3153 1003 3216 duabus
1027 3153 1152 3215 coaluit.

348 3267 478 3352 Cohn²)‚
512 3271 633 3353 glossas
656 3273 704 3336 m.
728 3272 772 3336 M.
800 3271 838 3337 ad
861 3293 927 3336 rem
950 3271 1109 3353 publicam
1131 3266 1369 3332 Atheniensium

238 3369 279 3433 et
300 3371 434 3434 oratores
458 3373 567 3437 atticos
590 3373 785 3454 explicandos
810 3375 996 3456 pertinentes
1028 3372 1163 3434 maxima
1185 3388 1221 3433 ex
1242 3369 1330 3450 parte
1354 3386 1370 3430 e

236 3475 312 3536 lex.
336 3475 452 3556 Seg.V
476 3474 599 3540 fluxisse
622 3477 722 3558 putat.
777 3477 865 3556 Quod
887 3477 959 3560 quin
983 3495 1091 3540 verum
1119 3474 1169 3551 sit,
1201 3491 1291 3537 nemo
1314 3471 1371 3535 ba-

251 3595 320 3641 rum
342 3596 443 3641 rorum
467 3579 583 3660 peritus
597 3579 760 3659 dubitabit,
784 3579 905 3645 collatis
921 3580 996 3644 locis
1015 3579 1064 3643 llt.
1082 3577 1126 3642 M.
1146 3576 1196 3640 13.
1212 3576 1233 3639 9
1256 3576 1371 3658 ἀγορα-

242 3678 334 3764 νόμοι
358 3701 426 3744 cum
449 3681 508 3745 lex.
532 3681 602 3766 Seg.
623 3683 660 3747 V.
687 3684 757 3750 199.
781 3685 831 3761 24,
855 3664 904 3748 Et.
929 3684 973 3747 M.
993 3684 1041 3745 13.
1061 3682 1099 3744 15
1123 3678 1277 3766 ἀγραφίου
1301 3697 1371 3742 cum

242 3783 303 3845 lex.
328 3781 396 3865 Seg.
421 3783 459 3848 V.
486 3784 555 3849 199.
573 3785 624 3864 28,
652 3787 701 3851 Et.
725 3785 767 3852 M.
792 3787 840 3850 17.
865 3787 906 3849 47
931 3784 1050 3849 ἀδικίου
1074 3803 1144 3848 oum
1163 3783 1220 3847 lex.
1245 3781 1315 3864 Seg.
1332 3779 1370 3845 V.

248 3885 321 3949 199.
344 3885 395 3962 32,
418 3886 468 3951 Et.
493 3889 535 3952 M.
560 3888 633 3954 124.
657 3892 695 3952 41
722 3889 894 3952 ἀποδέκται
918 3909 987 3953 cum
1009 3889 1068 3952 lex.
1093 3887 1165 3970 Sag.
1186 3887 1222 3950 V.
1248 3883 1371 3962 1981,

239 3987 297 4052 Et.
322 3987 365 4052 M.
391 3989 462 4054 124.
486 3991 527 4054 48
559 3991 771 4074 ἀπροστασίου
805 4011 873 4056 oum
897 3991 954 4056 lex.
980 3990 1049 4074 Seg.
1078 3990 1116 4054 V.
1140 3989 1213 4053 201.
1241 3987 1288 4065 12,
1320 3987 1369 4050 Mt.

351 4318 376 4381 1)
395 4320 474 4374 Aliae
493 4333 596 4374 causae
613 4320 788 4388 Boysenium
806 4321 823 4372 l.
842 4321 859 4373 l.
877 4335 903 4387 p.
923 4320 955 4372 67
983 4318 1206 4380 commoverunt,
1233 4318 1265 4370 ut
1289 4330 1372 4382 nega-

243 4403 292 4457 ret
310 4403 352 4457 ut.
371 4404 404 4458 M.
423 4405 549 4473 pleniore
567 4407 655 4460 lexioi
672 4406 805 4460 Photiani
823 4406 989 4459 recensione
1007 4418 1090 4458 usum
1110 4418 1181 4457 esse.

350 4507 376 4575 2)
395 4507 477 4562 lhbb.
496 4509 514 4562 f.
535 4509 616 4564 class.
635 4509 736 4562 Philol.
772 4508 929 4576 Suppl-Bd.
948 4508 1018 4562 Xlll.
1037 4523 1062 4574 p.
1081 4507 1139 4560 828.
