3396 5278
789 543 832 608 99

241 753 497 821 consuetudinem
523 751 550 814 V
573 751 605 816 et
626 751 671 815 IV
694 751 896 830 saeculorum,
920 751 1011 834 quale
1032 750 1134 830 fuerit,
1164 770 1224 818 non
1246 755 1369 837 ignoro·

243 876 320 923 mus.
366 855 494 922 Constat
516 855 613 939 igitur
635 855 661 916 V
687 873 765 921 saec.
799 853 972 940 ἐπιστάτην
1003 873 1125 937 semper
1151 875 1166 920 c
1188 856 1272 922 tribu
1293 875 1368 940 πρυ-

244 958 417 1043 τανευοὺσῃ
451 957 588 1023 creatum
620 977 697 1036 esse,
735 958 788 1041 qui
826 958 908 1023 solus
946 958 1048 1022 omnia
1080 957 1118 1022 ad
1150 958 1306 1025 contiones
1339 958 1370 1024 et

242 1061 455 1128 convocandas
492 1063 524 1127 et
555 1059 713 1126 habendas
745 1061 884 1140 curaret,
924 1059 969 1123 IV
999 1078 1078 1125 saec.
1113 1059 1189 1126 duos
1221 1061 1369 1145 epistates

242 1164 479 1250 distinguendos
501 1184 577 1243 esse,
602 1165 733 1229 alterum
757 1164 922 1247 prytanum
946 1182 962 1227 e
985 1163 1076 1242 trihu,
1109 1183 1187 1246 quae
1209 1165 1370 1249 prytaniae

244 1287 369 1334 munere
401 1269 469 1333 tum
491 1267 679 1351 iungeretur,
712 1266 844 1332 alterum
875 1267 1076 1350 proedrorum
1099 1286 1114 1332 e
1138 1286 1247 1333 nouem
1268 1268 1369 1333 trihu-

245 1373 311 1451 hus‚
335 1389 413 1455 quae
435 1371 493 1435 hoc
514 1372 582 1453 ipso
604 1371 744 1453 tempore
764 1371 919 1450 vacarent,
941 1371 1070 1435 creatos.
1108 1371 1152 1435 At
1175 1371 1368 1450 Aristoteles,

243 1475 327 1540 sicut
356 1493 413 1556 par
444 1475 520 1551 erat,
553 1493 644 1538 suum
674 1474 797 1555 tempus
829 1472 859 1538 h.
884 1491 909 1538 e.
937 1473 1188 1538 consuetudinem
1213 1475 1265 1538 lV.
1289 1493 1368 1540 saec.

244 1577 382 1660 respicit.
427 1575 461 1642 Si
482 1575 692 1661 lexicographi
715 1577 822 1655 nostri,
855 1577 887 1641 id
917 1576 998 1660 qnod
1021 1575 1229 1642 Wilamonitz
1252 1578 1370 1659 opinari

245 1681 375 1757 videtur,
398 1699 459 1745 non
482 1680 650 1764 penderent
672 1699 708 1744 ex
730 1680 910 1757 Aristotele,
944 1679 1000 1745 sed
1030 1679 1069 1746 ad
1100 1680 1231 1745 eundem
1253 1680 1370 1746 fontem

247 1784 449 1868 antiquiorem
473 1785 676 1863 recurrerent,
700 1784 750 1850 vel
772 1803 851 1850 unus
874 1803 910 1849 ex
931 1785 980 1849 his
1004 1783 1126 1850 diversa
1148 1784 1187 1849 ab
1202 1784 1370 1850 Aristotele

244 1888 378 1966 doceret,
413 1888 597 1970 praesertim
625 1907 696 1953 curn
718 1888 800 1970 apud
823 1889 958 1954 oratores
982 1890 1013 1952 et
1035 1888 1166 1952 comicos
1188 1887 1279 1952 huius
1302 1907 1369 1952 rna·

245 1991 395 2074 gistratus
418 1991 541 2073 saepius
564 1991 680 2057 mentio
702 1991 767 2056 fiat.
812 1991 1035 2074 Aristophanes
1058 1991 1146 2055 nohis
1168 1989 1200 2054 in
1220 1965 1370 2056 Thesr'no·

245 2092 436 2176 phoriaansis
458 2113 507 2159 vv.
531 2091 595 2156 372
617 2112 663 2176 sq.
687 2093 857 2158 contionem
882 2093 1065 2174 feminarum
1097 2092 1243 2158 describit
1273 2094 1371 2159 totam

244 2195 285 2260 ad
316 2196 490 2279 exemplum
523 2196 672 2261 cont-ionis
702 2195 807 2278 populi
832 2195 1070 2260 Atheniensium
1093 2195 1131 2259 V.
1154 2213 1232 2260 saec.
1255 2195 1370 2260 fictam.

247 2299 488 2381 Praescriptum,
512 2299 598 2382 quod
614 2299 735 2380 dicitur,
760 2299 843 2365 idem
858 2301 906 2364 est
927 2301 1021 2382 atque
1043 2300 1086 2378 id,
1109 2299 1190 2382 quod
1206 2301 1370 2366 sescenties

246 2403 277 2466 in
300 2402 403 2468 titulis
425 2403 464 2466 V.
488 2421 569 2468 saec.
591 2403 719 2487 legitur.
765 2402 888 2469 Scholia
910 2402 1127 2485 Aristophanis
1159 2403 1371 2468 vetustissima

245 2508 279 2570 et
309 2506 427 2589 optima
459 2524 579 2572 summo
606 2507 675 2590 jure
699 2506 924 2572 existimantur.
969 2507 1086 2571 Tamen
1109 2506 1149 2572 ad
1171 2523 1276 2572 vooem
1299 2507 1370 2571 ἐτε-

246 2609 356 2673 στάτει
380 2628 409 2674 r.
432 2608 496 2674 373
528 2610 740 2692 explicandam
772 2609 938 2676 scholiasta
970 2610 1031 2676 nisi
1060 2629 1158 2694 nugas
1188 2609 1234 2676 nil
1265 2611 1371 2676 afferre

248 2711 360 2796 potuit,
398 2713 471 2794 quia
494 2711 531 2777 de
553 2713 706 2778 institutis
729 2712 766 2778 V.
790 2731 870 2778 saec.
901 2713 1031 2777 minima
1062 2713 1091 2778 oi
1121 2713 1244 2797 cognita
1274 2716 1371 2778 erant.

248 2813 440 2898 Quicumque
471 2817 577 2880 autem
608 2835 624 2880 e
656 2816 783 2898 reliquis
805 2817 887 2881 hunc
908 2816 1126 2898 magistratum
1149 2835 1371 2881 commemora-

248 2919 367 2998 verunt
400 2919 603 2990 Aristotelem
633 2919 798 2985 manifesto
831 2921 930 2984 secuti
962 2920 993 2983 et
1023 2919 1150 3001 plurimi
1173 2921 1318 3003 prytanea
1341 2923 1372 2984 ot

248 3021 393 3103 proedros
424 3023 478 3102 ita,
517 3024 552 3088 ut
582 3022 767 3088 An'stoteles
798 3023 881 3101 fecit,
919 3022 1013 3086 simul
1049 3022 1245 3104 interpretati
1281 3023 1370 3088 sunt:

248 3124 346 3208 Harp.
370 3143 394 3190 s.
418 3145 446 3190 v.
481 3125 665 3211 ἐπιστάτης,
703 3126 762 3190 lex.
786 3125 856 3210 Sag.
878 3126 917 3190 V.
940 3124 1012 3193 244.
1034 3124 1097 3204 31.‚
1134 3125 1288 3210 Telephus
1322 3145 1370 3208 ap.

248 3227 392 3294 Eustath.
425 3227 518 3294 1827.
549 3229 687 3294 51-54.
731 3229 803 3294 Len.
827 3229 915 3294 Dem.
939 3249 969 3312 p.
996 3228 1034 3291 13
1066 3229 1238 3315 ἐπιστάτην
1260 3229 1371 3306 solum,

249 3329 289 3396 id.
314 3351 344 3414 p.
370 3331 467 3418 ralla
489 3331 655 3417 προέδρους
677 3334 758 3399 solos
782 3332 956 3416 explicavit,
979 3349 1054 3414 quos
1077 3331 1174 3415 Harp.
1198 3351 1223 3397 s.
1246 3351 1275 3397 u.
1298 3331 1371 3414 πρὸ·

247 3433 331 3518 εδροτ
362 3437 394 3500 et
425 3436 484 3500 lox.
508 3435 579 3520 Seg.
605 3436 641 3501 V.
665 3435 738 3502 290.
763 3437 783 3499 8
814 3436 926 3501 iterum
959 3434 1111 3517 sejunctos
1143 3453 1162 3499 a
1192 3433 1371 3518 prytanibus

248 3539 465 3606 tractaverunt.

352 3641 396 3708 Ut
427 3643 637 3726 ostendamus
671 3642 821 3726 quomodo
852 3641 1030 3707 Aristotelis
1053 3639 1177 3705 libellus
1199 3659 1218 3705 a
1240 3640 1371 3722 posteris

250 3745 318 3809 lons
343 3746 508 3830 singularis
532 3748 563 3812 ot
585 3748 768 3830 praecipuus
790 3745 984 3810 existimatus
1006 3745 1057 3824 sit,
1089 3744 1181 3827 caput
1204 3741 1246 3806 53
1267 3742 1371 3825 perlu-

251 3848 402 3914 stramus:
439 3850 520 3915 idem
554 3852 658 3934 caput,
689 3850 743 3915 uhi
774 3850 833 3915 duo
863 3868 975 3934 genera
996 3866 1214 3933 eponymorum
1237 3865 1371 3912 comme·
1489 3839 1494 3844 ’

251 3953 371 4017 morata
393 3955 474 4019 suunt.

518 4178 552 4258 n)
592 4178 620 4240 in
644 4177 751 4258 plossa
775 4147 1114 4262 aecropotaorru.

355 4345 450 4412 Initio
481 4346 573 4412 huius
607 4348 717 4430 capitis
749 4347 786 4412 de
818 4347 1095 4432 quadragintaviris
1126 4346 1259 4428 disserit,
1296 4367 1373 4430 quae

252 4449 347 4514 uerba
369 4451 490 4534 practer
512 4450 676 4517 Pollucem
698 4450 785 4516 Vlll.
804 4450 865 4515 100
887 4469 905 4515 a
926 4448 1018 4515 Phot.
1042 4469 1066 4516 s.
1089 4469 1115 4516 v.
1140 4449 1374 4534 τετταράκοντα

1172 4568 1201 4623 71
