3408 5276
833 507 875 572 38

318 733 430 781 corona
459 713 656 797 perlegimus,
689 715 854 796 utrumque
887 715 1038 780 oratorem
1070 713 1236 780 sescenties
1263 712 1300 778 de
1324 713 1443 778 coboea

318 818 411 883 verba
426 817 526 882 facere
541 816 725 899 invenimus,
750 817 933 882 Aeschinem
953 818 985 881 in
1009 816 1118 898 primis
1142 815 1185 899 (3.
1210 821 1227 894 5
1250 814 1373 897 9-32)
1396 815 1444 881 1ο·

318 939 390 1003 gem
423 919 460 984 de
493 919 552 984 hac
582 938 614 984 re
645 919 742 984 latam
773 918 896 1002 longius
928 918 1124 1000 interpretari
1155 921 1187 983 et
1217 919 1340 1002 saepius
1372 921 1445 994 τοὺς

319 1026 473 1108 ἄρχοντας
488 1021 677 1107 distinguere
693 1041 712 1088 a
730 1030 794 1098 τοῖς
813 1024 853 1086 τὰ
875 1021 1012 1108 δημόσια
1035 1022 1187 1108 χρήματα
1209 1021 1444 1106 διαχειρίζουσιν

319 1127 369 1192 vel
401 1135 465 1202 τοῖς
496 1127 535 1190 τὰ
572 1134 630 1211 τής
660 1125 781 1202 πόλεως
811 1123 1072 1210 διαχειρίζουσιν,
1112 1144 1188 1208 quos
1219 1125 1445 1190 Demosthenes

321 1230 370 1296 19.
393 1229 413 1292 2
444 1231 515 1305 τοὺς
536 1227 713 1313 πράξαντάς
735 1250 764 1294 τι
787 1236 850 1293 τῶν
872 1236 984 1292 κοινῶν
1007 1230 1062 1292 καὶ
1084 1227 1306 1313 διοικήσοντας
1329 1228 1380 1294 vol
1400 1229 1444 1292 si·

319 1331 434 1398 militer
456 1332 603 1416 appellat.
648 1332 723 1397 Inde
745 1332 836 1397 facile
864 1352 982 1398 unuse
1019 1331 1186 1415 philologis
1216 1331 1443 1410 Alexandrinis,

319 1455 394 1518 quos
417 1437 587 1502 oratoribus
606 1436 710 1501 atticis
726 1436 914 1518 explicandis
930 1454 1055 1518 operam
1072 1435 1192 1500 dedisse
1216 1436 1346 1513 constat,
1371 1435 1445 1499 doc·

318 1542 383 1604 tam
404 1538 493 1604 illam
523 1538 705 1618 doctrinam,
738 1539 904 1620 assumptis
937 1557 953 1602 e
985 1557 1078 1602 causa
1109 1540 1178 1621 cepi
1205 1547 1263 1622 τῆς
1284 1557 1444 1622 παραπρε·

320 1640 423 1727 σβείας
445 1642 567 1726 legatis,
593 1641 709 1723 fingere
732 1642 844 1724 poluit,
876 1659 953 1723 quae
977 1641 1096 1704 mutata
1119 1642 1151 1706 et
1173 1641 1329 1704 contracta
1352 1642 1383 1706 et
1405 1639 1444 1704 ab

319 1745 380 1809 alio
412 1744 466 1808 alii
496 1744 612 1809 tradita
644 1743 774 1826 denique
805 1745 837 1808 in
868 1743 966 1808 lexica
992 1745 1096 1808 nostra
1117 1744 1271 1809 rhetorica
1293 1745 1442 1826 peruenit.

319 1847 408 1927 Quod
430 1848 489 1912 atsi
511 1868 566 1930 pro
590 1849 674 1912 certo
697 1847 845 1913 affirmari
868 1866 928 1912 non
951 1847 1062 1932 potest,
1089 1849 1195 1913 tamen
1217 1848 1285 1914 fieri
1307 1848 1445 1930 potuisse

319 1951 546 2016 concedendum
569 1953 625 2018 est

421 2056 488 2120 Hoc
510 2055 614 2121 autem
635 2055 705 2120 ideo
728 2055 852 2120 silentio
874 2056 1038 2138 praeterire
1069 2056 1163 2134 nolui,
1197 2057 1269 2138 quia
1291 2054 1444 2120 Wilamc·

319 2160 388 2224 witz
404 2158 560 2224 interdum
578 2159 671 2223 nimis
687 2159 772 2242 large
794 2160 985 2243 temporibus
1009 2161 1040 2225 et
1061 2160 1197 2225 fontibus
1220 2159 1445 2242 antiquioribus

318 2262 451 2327 tribuere
474 2262 551 2326 mihi
573 2261 703 2339 videtur,
716 2281 805 2344 ¹quae
828 2262 957 2328 fortasse
979 2263 1185 2328 Alexandriae
1208 2263 1267 2326 viri
1289 2281 1444 2345 gramma-

318 2365 373 2430 tici
396 2365 643 2430 exorationibus
667 2365 857 2430 etiamtunc
879 2366 1008 2448 integris
1037 2367 1098 2448 ipsi
1119 2365 1349 2448 interpretando
1372 2383 1443 2429 con-

175 2511 179 2520 -
313 2468 463 2550 jecerunt.
516 2468 587 2532 Huc
609 2487 676 2533 mea
701 2468 825 2550 quidem
848 2469 1001 2534 sententia
1023 2469 1160 2549 pertinet
1181 2468 1222 2544 id,
1256 2467 1338 2548 quod
1360 2468 1444 2531 Har-

318 2572 474 2652 pocration
497 2569 534 2633 de
557 2571 714 2652 synagoris
738 2589 761 2636 s.
785 2589 813 2633 u.
835 2571 1000 2654 συνήγοροι
1024 2573 1128 2634 narrat
1151 2569 1245 2651 (unde
1268 2569 1353 2633 Suid.
1373 2588 1396 2632 s.
1414 2589 1443 2632 v.

225 2679 228 2696 ¹
322 2701 358 2728 =
383 2674 433 2737 lli.
458 2672 503 2738 M.
526 2671 599 2736 735.
622 2671 687 2754 ⁶26).
732 2673 892 2754 Antiphon
921 2673 1012 2737 huius
1044 2674 1245 2756 magistratus
1270 2673 1389 2738 duabus
1411 2672 1442 2735 in

318 2775 507 2841 orationibus
539 2775 727 2840 mentionem
758 2775 831 2840 fecit
861 2776 966 2858 ibique
998 2795 1057 2840 non
1090 2776 1205 2859 apertis
1234 2775 1333 2841 verbis
1357 2775 1443 2851 dixit,

319 2881 439 2944 sorbens
470 2898 508 2943 an
533 2878 678 2962 suffragio
711 2880 872 2944 constituti
903 2880 975 2945 sint.
1029 2881 1138 2962 Itaque
1166 2879 1341 2961 philologus
1374 2879 1445 2961 qui·

320 2984 401 3058 dam,
435 2983 487 3064 qui
520 2983 551 3046 in
583 2984 673 3047 rebus
705 2983 806 3048 dubiis
838 2985 947 3048 cautus
979 3002 1045 3048 esse
1069 2984 1168 3062 dehet,
1200 3003 1255 3060 pro
1279 2982 1444 3068 συνήγοροι

318 3095 567 3170 χειροτονοῦνται
582 3086 695 3150 maluit
710 3086 830 3151 dicere:
855 3085 978 3150 ἐοίκασι
993 3087 1246 3172 χειροτονεῖσθαι
1263 3085 1442 3170 συνήγοροι.

319 3188 383 3254 Nos
414 3189 486 3253 inde
517 3189 574 3254 hoc
604 3190 727 3254 tantum
750 3191 946 3274 percipimus,
972 3190 1005 3254 in
1027 3190 1230 3273 Antiphontis
1254 3190 1444 3256 orationibus

318 3293 399 3358 hunc
421 3294 638 3374 magistratum
661 3295 939 3360 commemoratum
961 3315 1039 3374 esse,
1071 3295 1125 3360 sed
1157 3313 1216 3358 non
1247 3295 1442 3377 perspicuum

318 3397 422 3474 fuisse,
456 3397 608 3478 quomodo
640 3417 752 3462 munus
781 3399 825 3464 eis
848 3398 1057 3464 mandaretur.
1104 3397 1349 3475 Wilnmowirz1)
1373 3415 1443 3468 vero

318 3501 424 3564 statim
448 3500 572 3564 scribit:
597 3501 657 3579 ,die
671 3501 841 3586 ’συνήγοροι
865 3503 934 3566 sind
956 3503 1000 3566 im
1023 3503 1053 3567 5.
1071 3502 1121 3566 Jh.
1145 3501 1224 3566 ohne
1239 3500 1361 3566 Zweifel
1383 3501 1443 3564 im-

319 3623 384 3669 mer
405 3603 560 3688 gewihlt‘.
613 3603 657 3668 At
688 3607 914 3686 praeterquam,
946 3605 1027 3686 quod
1058 3603 1139 3668 illud
1167 3603 1288 3668 ἐοίκασι
1312 3623 1376 3682 nos,
1409 3604 1445 3666 ut

318 3726 491 3786 caveamus,
515 3709 628 3786 monet,
652 3709 788 3774 nondum
810 3708 1002 3790 exploratum
1025 3708 1081 3784 est,
1114 3726 1153 3771 an
1185 3708 1329 3790 synogori
1351 3707 1443 3771 Anti-

317 3809 445 3891 phontei
466 3810 580 3873 diversi
601 3811 716 3875 luerint
739 3811 777 3876 ab
800 3810 1006 3876 Aristotcleis.
1053 3808 1174 3875 Gilbert
1185 3809 1209 3893 ²)
1240 3810 1311 3876 illos
1334 3811 1443 3874 litibus

318 3913 472 3976 sociorum
494 3914 602 3994 populi
624 3914 824 3979 Atheniensis
846 3915 1011 3996 occupatos
1034 3932 1100 3978 esse
1123 3913 1207 3992 facit,
1239 3933 1350 3996 nempe
1373 3917 1444 3997 quia

318 4015 477 4098 Antiphon
500 4034 605 4080 eorum
627 4017 659 4080 in
682 4018 828 4096 oratione,
851 4036 928 4100 quae
951 4019 1142 4101 cepiano
1165 4016 1348 4082 Λινδίων
1372 4018 1434 4102 φό-

318 4220 572 4232 ——-—...-

423 4352 449 4423 1)
468 4355 484 4407 l.
504 4355 521 4408 l.
541 4353 558 4408 l.
577 4369 602 4422 p.
621 4354 672 4408 233
691 4371 713 4409 c.
732 4371 795 4410 ann.
815 4358 856 4410 94.

422 4439 451 4509 2)
470 4456 511 4510 gr.
530 4440 738 4496 Staatsalterth.
760 4441 780 4492 1²
797 4443 858 4497 477.
