3396 5278
877 541 939 606 126

343 746 471 829 pillares
494 746 575 811 male
598 745 814 826 procurabant,
837 745 894 810 tali
918 745 1008 810 modo
1030 745 1062 809 in
1080 743 1133 827 jus
1155 744 1354 808 vocabantur.
1392 741 1468 822 Qui-

346 850 403 913 bus
425 849 455 912 in
478 848 536 914 lex.
561 847 633 931 Seg.
658 849 695 913 V.
719 847 793 912 313.
816 847 858 910 20
881 847 1066 912 mercatores
1089 845 1188 911 additi
1210 847 1291 924 sunt,
1323 847 1374 927 qui
1407 845 1468 910 alio

344 971 380 1016 ao
402 951 541 1016 Athenas
565 970 681 1016 merces
705 970 776 1016 suas
801 952 1044 1033 deportaverant,
1068 951 1100 1014 et
1118 949 1230 1014 Pollux
1252 948 1369 1012 multos
1391 948 1469 1012 alios

344 1054 526 1120 nominarit.
583 1054 655 1118 Lex.
680 1053 749 1135 Seg.
773 1056 809 1118 V.
833 1054 907 1118 315.
933 1055 982 1130 14,
1019 1053 1110 1118 Phot.
1143 1071 1167 1116 s.
1203 1072 1243 1129 u,
1270 1051 1356 1117 Suid.
1391 1070 1416 1116 s.
1439 1070 1467 1115 ν.

344 1157 387 1239 gl.
414 1158 428 1219 l
453 1177 507 1238 pro
530 1176 586 1222 sua
608 1158 694 1238 parte
717 1159 797 1222 huuc
820 1176 983 1225 numerum
1006 1157 1229 1232 deminuerunt,
1263 1174 1334 1220 eum
1357 1154 1468 1236 quibus

345 1259 468 1324 Psellus
491 1262 644 1343 congruit.

239 1507 330 1572 sord.
354 1527 433 1657 τινι.
457 1505 666 1675 φόσιςιΡίιοί.
691 1527 717 1572 s.
740 1527 768 1571 ν.
792 1507 884 1590 φάσις
957 1508 1131 1658 ίοιζιὸθοιφθ.
1154 1505 1191 1570 V.
1264 1503 1359 1568 Mich.
1384 1503 1476 1566 ΡοοΙΙ.
1500 1503 1518 1585 §
1542 1506 1575 1567 6.

356 1613 397 1676 φ.
434 1643 441 1657 .
1067 1643 1074 1657 .
1135 1641 1141 1655 .

243 1748 328 1812 ἐστίν
350 1747 390 1830 ἣν
415 1696 670 1835 ποιεῖταίΙφάσις
714 1748 797 1812 ἐστίν
845 1749 885 1832 ἣν
920 1748 1037 1832 φάσις.
1099 1745 1229 1832 μήνυσις
1265 1744 1292 1806 εί
1307 1741 1341 1806 δέ
1357 1763 1402 1818 τις
1424 1744 1479 1806 τόν
1497 1742 1575 1805 ὑπο-

243 1872 288 1926 τις
310 1853 385 1934 πρὸς
416 1854 469 1914 τόν
501 1840 712 1917 ὀο-’ποιεῖταί
736 1873 781 1927 τις
809 1855 885 1936 πρὸς
920 1855 994 1936 πρός
1017 1853 1088 1926 τοὺς
1115 1853 1228 1936 ἄρχον·
1265 1843 1576 1930 ρόττονταόημόσιον

244 1963 361 2018 κοῦντα
370 1953 552 2037 ὑπορύττειν
563 1894 565 2045 ί
578 1959 631 2020 τόν
642 1957 794 2019 δοκοῦντα
809 1956 884 2019 ὑπο·
920 1975 976 2030 τας
986 1957 1071 2019 κατὰ
1081 1963 1142 2019 τῶν
1154 1955 1228 2018 ὑπο·
1266 1947 1422 2034 μέταλλον
1438 1949 1458 2032 ἢ
1476 1947 1575 2033 δημό-

239 2056 392 2142 ὀφμόσιον
436 2055 550 2141 μὲταλ-
578 2059 698 2144 ρόττειν
736 2057 885 2144 δημόσιον
920 2057 1093 2143 ρυττόντων
1124 2079 1153 2120 τι
1177 2056 1228 2142 μὲ-
1266 2074 1331 2117 σιον
1347 2049 1574 2128 οίκονέξιδιοό-

244 2160 298 2224 λον
330 2161 351 2244 ἢ
380 2158 494 2244 χωρίον
528 2161 549 2244 ἢ
580 2161 737 2246 μέταλλον
766 2163 787 2246 ἢ
820 2184 884 2247 χω·
921 2161 1038 2225 ταλλον
1077 2162 1098 2244 ἢ
1145 2163 1230 2224 κατὰ
1266 2177 1377 2242 μενον,
1411 2155 1432 2238 ἢ
1466 2165 1576 2230 κακῶς

244 2262 344 2328 οἰκίαν
373 2264 394 2346 ἢ
419 2261 499 2326 ἄλλο
523 2265 640 2363 τιΙρίον
677 2267 698 2349 ἢ
731 2264 832 2328 οἰκίαν
862 2267 883 2349 ἢ
922 2273 983 2329 τῶν
1041 2263 1230 2328 ἀδικούντων
1280 2259 1567 2343 ἐπιτετροπευκότα

245 2373 307 2430 τῶν
317 2364 486 2451 δημοσίων.
505 2367 551 2431 ἔτι
578 2367 659 2431 ἄλλο
690 2389 719 2432 τι
748 2377 810 2432 τῶν
832 2369 886 2454 δη·
920 2366 1035 2452 χωρίον
1071 2367 1093 2451 ἢ
1128 2366 1230 2432 οἰκίαν
1266 2364 1388 2448 εἰςῆγεν
1413 2364 1456 2440 εἰς
1487 2365 1575 2429 δικα-

239 2469 280 2532 -δέ
317 2470 372 2531 καὶ
408 2468 435 2531 οἱ
481 2473 552 2546 τοὺς
579 2469 705 2556 μοσίων.
724 2473 770 2535 ἔτι
785 2471 886 2535 δὲκαὶ
921 2472 942 2554 ἦ
977 2492 1006 2534 τι
1027 2478 1099 2540 ,πῶν
1133 2469 1229 2555 δημο-
1266 2467 1576 2553 στήριον,ότοιοῠτος

239 2570 431 2655 ,ἐπιτρόπους
490 2581 552 2636 τῶν
578 2573 688 2649 οίτοὺς
704 2574 886 2659 ἐπιτρόπους
923 2572 1007 2657 σίων,
1028 2575 1049 2659 ἢ
1067 2576 1152 2636 κατὰ
1168 2582 1230 2638 τῶν
1266 2571 1384 2656 φαίνειν
1444 2571 1575 2656 ἐλέγετο
1685 2579 1686 2586 ’

244 2674 386 2757 ὀρφανῶν
408 2674 551 2759 αίτιῶμε-
579 2685 640 2740 τῶν
667 2678 808 2760 ὀρφανῶν
840 2680 885 2742 od-
922 2675 1096 2761 ἐπιτρόπων
1110 2686 1172 2742 τῶν
1186 2679 1229 2763 μή
1266 2679 1318 2739 τόν
1346 2674 1485 2738 ἁλόντα·
1520 2677 1577 2736 καὶ

244 2798 290 2840 νοι
312 2779 398 2860 παρὰ
419 2787 483 2854 τοῖς
499 2781 550 2862 ἀρ·
578 2779 887 2865 τιὼμενοιπαρὰτοῖς
949 2779 1200 2865 μεμισθωκότων
1265 2779 1286 2864 ἡ
1319 2777 1393 2863 δίκη
1425 2777 1577 2842 ἐντεῦθεν

244 2901 337 2964 χουσι
356 2879 396 2956 ὡς
415 2881 450 2943 οὐ
467 2880 550 2945 δεόν-
578 2885 727 2968 ἄρχουσιν
740 2882 781 2960 ὡς
791 2886 826 2948 οὐ
837 2886 885 2949 δε-
921 2884 977 2958 τὰς
1020 2883 1120 2960 οἰκίας
1169 2895 1230 2950 τῶν
1287 2881 1546 2967 ἐπονομαζομένη

239 3005 305 3059 -τως
349 2984 550 3068 μεμισθωκό-
577 2985 672 3063 όντως
686 2989 886 3074 μεμισθωκό-
921 2985 1075 3069 ὀρφανῶν.
1265 2986 1357 3070 φάσις
1391 2985 1577 3070 ucpmrouo't·
1684 3057 1685 3064 ,

244 3106 300 3162 τας
331 3088 384 3149 τόν
415 3093 476 3150 τῶν
501 3087 550 3171 ὀρ·
578 3110 633 3164 τας
667 3093 720 3154 τόν
747 3093 886 3176 ὀρφανῶν
1265 3089 1350 3168 ζετο.

245 3197 350 3272 φανῶν
380 3189 468 3252 οίκον
490 3211 549 3252 πα·
576 3192 665 3257 οἷκον
708 3194 886 3279 προφαίνειν

243 3290 403 3376 ραφαίνειν
443 3290 549 3376 λόγον·
577 3293 734 3381 λέγονται.

239 3416 306 3458 ται.

448 3621 515 3686 Ηοο
544 3620 669 3702 quidem
700 3640 807 3687 verum
838 3623 903 3699 est,
941 3625 1077 3688 veterem
1107 3621 1278 3687 doctrinam
1309 3623 1340 3686 in
1373 3622 1472 3687 Pselli

345 3724 493 3804 opusculo
515 3743 575 3788 non
598 3725 733 3806 agnosci.
778 3725 812 3790 Si
834 3725 961 3790 eaedem
984 3745 1033 3790 res
1055 3725 1140 3790 varie
1162 3725 1201 3790 ab
1216 3725 1470 3807 Harpocratione

345 3825 483 3903 Polluce,
517 3826 743 3909 lexicographis
775 3829 910 3910 posteris
932 3829 1118 3905 tractantur,
1150 3828 1289 3894 Psellum
1313 3829 1379 3908 hoa,
1412 3848 1472 3918 non

344 3927 416 3993 illos
440 3931 580 3994 secutum
602 3949 670 3994 esse
693 3931 844 3996 videmus.
898 3929 986 4010 Quod
1012 3931 1103 3998 modo
1126 3951 1142 3996 e
1165 3951 1238 3998 voce
1261 3931 1354 4016 φάσις
1376 3933 1473 4015 expli-

345 4033 415 4096 cata
437 4032 582 4115 apparuit
604 4033 773 4116 itidemque
797 4034 866 4098 aliis
889 4035 965 4098 locis
988 4036 1044 4116 pat
1063 4036 1086 4099 t.
1141 4034 1248 4116 Qualis
1279 4035 1373 4102 tuerit
1395 4035 1473 4121 ἐφή-

344 4155 449 4219 γησις,
473 4135 585 4200 Pollux
609 4137 696 4202 Vlll.
721 4138 763 4202 50
797 4137 901 4201 minus
924 4137 1090 4221 diligenter
1113 4139 1275 4221 explanare
1299 4139 1421 4204 studuit
1442 4141 1474 4204 et

344 4239 444 4320 magis
476 4239 507 4303 in
540 4239 662 4322 vulgari
693 4239 944 4320 interpretatione
976 4244 1115 4307 versatus
1149 4243 1205 4319 est,
1238 4261 1317 4324 quae
1347 4243 1380 4306 in
1413 4242 1472 4308 lor.

344 4341 435 4405 Dem.
458 4360 488 4423 p.
515 4340 554 4404 13
577 4342 595 4424 ᾗ
618 4341 660 4406 26
684 4343 808 4424 recepta
828 4343 860 4407 et
881 4344 945 4427 jam
967 4344 1066 4410 fusius
1089 4345 1237 4428 exemplis
1261 4343 1376 4409 additis
1399 4345 1473 4409 illu-

343 4444 445 4508 strata
468 4446 524 4508 eet.
570 4445 656 4509 Haeo
678 4445 783 4509 autem
806 4445 928 4511 uberior
959 4447 1112 4512 enarratio
1146 4450 1211 4512 sola
1242 4447 1372 4530 posteris
1405 4447 1471 4528 pla·
