3396 5278
863 519 923 584 112

329 722 454 787 turbare
478 723 622 787 noluisse.
667 722 775 788 Altero
805 723 872 788 loco
903 722 992 787 nobis
1016 722 1160 788 similiter
1181 722 1255 787 licet
1278 723 1455 790 etiamnunc

330 825 478 904 divinare,
502 826 654 908 quomodo
676 827 901 908 Harpocration
925 823 1023 903 λέξεις
1045 833 1107 889 τῶν
1131 825 1173 889 10
1197 825 1336 911 ρητόρων
1359 826 1455 892 febri-

330 928 416 992 cntus
448 929 497 994 sit.
556 927 640 1007 Quae
664 929 745 994 enirn
770 948 792 993 s.
817 948 846 994 ν.
871 929 923 992 ἐπὶ
944 927 1125 1013 Πρυτανείῳ
1145 928 1169 1008 1)
1202 922 1335 1012 legimus
1367 927 1456 994 δικα·

331 1029 457 1115 οτήριόν
473 1031 540 1094 ἐστι
555 1053 577 1095 κ
587 1053 607 1094 α
618 1033 637 1094 l·
651 1040 780 1096 τοῦτο
803 1031 940 1116 φονικὸν,
966 1051 1036 1097 cum
1051 1050 1159 1098 vocem
1174 1031 1307 1096 ἔπιπλον
1322 1052 1456 1114 sequan-

330 1136 390 1210 tur,
427 1151 485 1198 non
521 1137 753 1216 pernoscuntur,
791 1136 851 1201 nisi
887 1135 1165 1217 Harpocrationem
1201 1136 1305 1218 ipsum
1338 1136 1456 1210 sontem

331 1237 497 1302 secundum
529 1257 632 1304 rerum
664 1239 804 1304 ordinem
835 1238 1042 1320 compositum
1073 1237 1257 1304 dissecuisse
1287 1240 1319 1304 ct
1350 1239 1455 1320 negle-

331 1342 435 1423 gentia
467 1341 545 1406 hanc
577 1343 760 1424 pertitulam
793 1342 894 1406 dolere
926 1341 1058 1407 oblitum
1080 1361 1146 1407 esse
1182 1343 1361 1408 conicimus.
1409 1341 1456 1408 dd

331 1442 467 1526 glossam
491 1443 574 1508 enim
597 1443 857 1528 tullianorum),
886 1463 965 1526 quae
988 1445 1105 1510 duobus
1129 1445 1288 1510 lemmatis
1311 1434 1333 1510 a'
1352 1447 1455 1511 nostro

330 1547 398 1610 loco
421 1546 574 1628 dirempta
598 1548 654 1627 est,
687 1547 766 1612 illud
789 1550 844 1612 καὶ
866 1548 1059 1614 referendum
1083 1566 1151 1614 esse
1182 1549 1286 1613 minus
1316 1548 1458 1614 lubenter

332 1649 507 1714 concedam.
561 1650 605 1714 At
628 1651 709 1732 quod
732 1651 809 1716 talia
831 1651 945 1717 indicia
977 1651 1060 1733 apud
1080 1651 1357 1734 Harpocrationem
1379 1671 1457 1734 psu-

332 1754 457 1818 cissima
488 1754 627 1842 erstant,
666 1755 743 1818 mihi
774 1755 953 1820 testimonio
985 1757 1052 1835 est,
1089 1756 1170 1820 hunc
1206 1755 1458 1839 lexicographum

332 1857 444 1921 melius
478 1857 586 1921 ceteris
618 1875 751 1949 munere
777 1875 830 1924 suo
864 1857 1005 1926 functum
1037 1875 1104 1922 esse
1137 1859 1168 1923 et
1199 1858 1333 1942 vestigia
1363 1858 1458 1924 fontis

333 1960 513 2044 diligentius
529 1961 703 2039 sustulisse,
726 1979 797 2024 cum
812 1963 1023 2028 onomaslicon
1045 1962 1126 2029 illud
1150 1962 1181 2026 in
1198 1981 1309 2028 noram
1324 1964 1455 2028 formam

335 2064 455 2128 mutare
478 2063 698 2129 constituisset.

484 2317 508 2406 ἦ
533 2318 571 2386 3.
617 2337 640 2387 e
663 2318 809 2387 lexicis
834 2316 1100 2407 Seguerianis
1124 2315 1160 2384 V
1184 2317 1224 2385 et
1247 2315 1312 2384 lV.

437 2489 524 2570 Quod
547 2491 665 2554 lexicon
688 2489 910 2573 Seguerianum
934 2490 962 2553 V
985 2489 1086 2554 minus
1119 2490 1243 2554 strenue
1277 2489 1459 2555 occultando

335 2594 366 2658 et
389 2593 515 2657 celando
547 2611 671 2674 operam
696 2594 790 2671 dedit,
824 2611 883 2656 non
915 2592 1144 2668 detrimentum,
1178 2591 1231 2657 sed
1264 2593 1471 2680 commodum,

335 2694 423 2759 nobis
446 2695 618 2776 putandum
642 2697 699 2760 est.
744 2695 871 2760 Glossas
894 2694 1092 2778 πρυτάνεις,
1117 2695 1317 2778 πρυτανεία,
1343 2714 1459 2780 πρυτα-

335 2807 421 2863 νεῖα
438 2797 463 2882 1)
496 2799 578 2863 certe
610 2817 668 2864 non
693 2799 759 2877 hoo,
795 2799 848 2864 sed
870 2799 991 2864 inverso
1014 2798 1129 2876 ordine,
1163 2799 1190 2863 si
1221 2799 1290 2881 quis
1321 2800 1461 2864 ordinem

334 2901 511 2968 litterarum
526 2902 687 2968 observare
710 2902 825 2981 studet,
849 2902 944 2967 aliam
967 2901 1022 2964 alii
1044 2901 1239 2983 excipiendas
1262 2919 1329 2966 esse
1352 2919 1407 2984 per
1429 2921 1461 2967 se

336 3007 390 3088 pat
409 3007 432 3070 t.
487 3007 603 3072 Auctor
633 3007 724 3072 lexici
755 3007 825 3090 Seg.
849 3006 877 3069 V
909 3025 963 3070 cur·
993 3005 1131 3070 ordinem
1157 3005 1332 3070 litterarum
1353 3005 1461 3070 turba·

336 3110 425 3187 uerit,
463 3127 536 3174 casu
569 3110 691 3175 tantum
728 3111 811 3174 felici
850 3110 945 3175 schol.
976 3109 1098 3174 Platon.
1132 3109 1216 3192 legg.
1249 3109 1319 3172 XII.
1351 3109 1462 3174 9530

337 3213 478 3296 (Diibner
497 3212 625 3278 ll.489.
645 3213 697 3296 12)
721 3213 809 3278 nobis
832 3213 964 3294 aperuit.
1009 3212 1126 3277 Eadem
1150 3212 1249 3289 verba,
1274 3232 1351 3294 quae
1375 3213 1462 3278 nobis

337 3316 555 3380 diversissimis
578 3317 654 3382 locis
682 3317 738 3382 sub
761 3317 863 3381 titulis
887 3315 1080 3398 singulorum
1111 3314 1293 3378 archontum
1311 3313 1348 3396 ³),
1380 3316 1462 3397 regis
1590 3317 1593 3320 ’
1692 3313 1693 3384 3

337 3421 395 3483 lex.
419 3420 489 3502 Sag.
508 3420 543 3483 V.
568 3419 641 3484 219.
660 3420 707 3498 14,
733 3420 876 3504 eponyrni
899 3419 941 3484 ib.
966 3419 1037 3484 199.
1054 3419 1084 3497 9,
1112 3417 1301 3500 polemarohi
1323 3417 1365 3481 ib.
1389 3417 1462 3482 290.

338 3522 379 3594 27
403 3523 565 3587 occurrunt
605 3525 666 3598 εἶς
699 3531 778 3588 τῶν
809 3521 934 3588 ἐννέα
968 3521 1190 3607 ἀρχόντων
1229 3521 1337 3586 itidem
1370 3523 1462 3602 atque

339 3627 551 3693 additamenta
581 3629 703 3712 glossae
735 3627 785 3691 ἐπὶ
820 3625 971 3711 Δελφινίῳ
1002 3627 1061 3691 ler.
1095 3629 1165 3710 Seg.
1189 3626 1227 3691 V.
1250 3625 1324 3688 255.
1350 3624 1402 3686 19·
1421 3624 1463 3686 ἓν

339 3739 418 3796 τῶν
451 3740 650 3816 φονικῶν,
689 3733 811 3814 glossae
843 3731 876 3794 ἐν
908 3729 1067 3813 Φρεαττοῖ
1098 3729 1155 3794 lex.
1179 3729 1248 3812 Seg.
1272 3729 1311 3798 .V.
1335 3727 1409 3792 251.
1433 3727 1463 3791 7.

340 3833 541 3918 δικαστήριον
564 3834 631 3897 ἐστι
662 3837 734 3896 καὶ
757 3843 884 3897 τοῦτο
914 3831 1039 3917 φονικὸν
1056 3833 1081 3917 ¹²)
1106 3833 1312 3916 conjecturum
1334 3831 1463 3913 perrnit·

341 4055 597 4062 .........-—-—-

445 4205 471 4269 l)
491 4219 576 4271 supra
594 4218 619 4270 p.
640 4203 680 4257 98.

445 4289 473 4358 2)
492 4305 578 4356 supra
595 4305 620 4356 p.
640 4290 680 4343 89.

445 4379 472 4443 3)
490 4391 577 4444 supra
594 4392 619 4444 p.
639 4377 680 4430 75.

445 4466 472 4529 4)
491 4477 577 4531 supra
594 4478 619 4530 p.
640 4462 680 4516 98.
