3408 5276
881 523 925 589 28

341 729 490 810 seriptum
522 729 642 793 luisse?
697 728 815 794 Deinde
846 727 914 792 fieri
946 729 1077 811 poterat,
1115 729 1150 792 ut
1181 729 1354 810 exemplum
1387 729 1465 814 legis

339 829 458 916 [Dem.]
482 831 614 897 orationi
636 833 786 896 insertum
809 831 864 896 aut
886 849 904 895 a
926 831 1025 913 primo
1047 831 1137 896 initio
1160 833 1213 896 aut
1236 832 1343 912 postea
1359 831 1466 898 arche·

340 937 413 1018 typo
444 935 633 999 adverbum
662 935 728 1018 jam
761 953 820 998 non
850 935 1058 1016 responderet.
1119 936 1255 1016 Denique
1287 933 1395 998 foedus
1426 935 1465 1000 ab

339 1037 580 1102 Atheniensibus
612 1056 682 1102 curn
705 1036 840 1119 Argivis,
874 1037 1052 1111 Mantineis,
1083 1037 1167 1102 Eleis
1197 1056 1225 1101 a.
1257 1036 1321 1100 420
1343 1056 1370 1100 a.
1394 1035 1465 1102 Chr.

340 1141 437 1204 ictum
460 1139 565 1222 aliqua
587 1158 623 1207 ex
648 1142 733 1222 parta
765 1142 803 1205 ad
827 1143 1067 1222 comparandum
1090 1141 1191 1205 afferri
1214 1141 1326 1222 potest.
1372 1138 1466 1204 Cuius

340 1243 470 1308 foederis
493 1243 665 1326 fragmenta
688 1262 786 1326 pauca
797 1243 821 1326 ¹)
844 1242 943 1325 lapidi
964 1245 1062 1308 ineisa
1084 1244 1211 1309 inventa
1233 1248 1313 1320 sunt,
1346 1245 1466 1309 contex-

340 1347 407 1412 tum
430 1348 529 1412 totum
554 1347 747 1432 Thucydides
759 1347 783 1428 ²)
817 1347 972 1412 describit.
1032 1347 1057 1411 E
1081 1347 1271 1426 Thucydidis
1293 1347 1395 1412 verbis
1418 1347 1466 1409 in-

342 1450 577 1534 scriptionisque
609 1452 689 1515 inter
721 1469 788 1516 sese
815 1451 999 1532 comparatis
1023 1450 1132 1528 elucet,
1165 1469 1224 1514 non
1258 1451 1357 1515 solum
1390 1449 1466 1514 alias

341 1552 455 1616 formas
478 1554 518 1636 ῆν
540 1571 595 1633 pro
618 1552 685 1636 ἐάν,
720 1553 833 1628 πάσαις
865 1573 918 1635 pro
953 1553 1101 1637 ἁπάσαις,
1135 1553 1230 1638 ὁποίῳ
1263 1572 1318 1636 pro
1349 1553 1412 1636 ὅτῳ
1435 1552 1466 1614 in

342 1655 531 1737 Thucydidis
562 1656 650 1721 libris
682 1657 900 1738 manuscriptis
930 1657 1004 1739 legi,
1035 1656 1088 1720 sed
1121 1657 1214 1720 etiam
1248 1655 1340 1720 verba
1362 1653 1467 1719 addita

341 1759 423 1839 (ταῖς
445 1757 586 1839 πόλεσιν)
610 1761 664 1822 aut
687 1760 801 1822 omissa
823 1759 880 1841 (ὢν
895 1760 1045 1843 ἄρχουσιν
1061 1757 1243 1842 Ἀθηναῖοι,
1269 1759 1344 1841 πρὸς
1367 1755 1466 1840 ἀλλή-

341 1859 426 1942 λους,
462 1861 598 1946 μηδεμιᾷ
630 1868 691 1924 τῶν
714 1859 848 1943 πόλεων,
883 1860 1043 1938 ἁπάσαις),
1079 1862 1110 1925 et
1142 1861 1297 1925 ordinem·
1313 1861 1467 1926 mutatum

341 1961 529 2042 (Μαντινέας
552 1966 608 2026 noel
631 1961 786 2046 Ἠλείους)
811 1983 890 2029 osse·
933 1965 1002 2029 Nou
1026 1983 1129 2032 rnuum
1152 1965 1199 2030 est
1229 1963 1468 2029 controversiam

342 2065 503 2144 dirimere,
543 2085 620 2148 quae
657 2067 729 2132 inde
761 2070 827 2132 orta
858 2067 974 2132 multos
1006 2067 1087 2132 viros
1115 2066 1338 2134 dissociaverit
1398 2064 1468 2130 Sive

342 2167 493 2234 Kiroholfi
507 2168 542 2252 8),
567 2169 738 2254 Sebonii‘)‚
762 2169 896 2252 Hudii⁵y
920 2170 1105 2236 seutentiam
1129 2171 1295 2254 sequimur,
1318 2171 1371 2252 qui
1393 2169 1468 2232 haee

342 2271 418 2336 vitia
440 2272 635 2338 librariorum
660 2273 850 2358 Thucydidis
872 2273 968 2338 fuisse
991 2274 1107 2354 dieunt,
1130 2275 1203 2356 quia
1225 2274 1285 2338 sibi
1308 2289 1468 2356 persuase-

341 2382 413 2440 runt
444 2375 655 2460 Thucydidem
690 2377 838 2459 exemplis
875 2378 1074 2461 neglegenter
1112 2377 1260 2443 confectis
1298 2393 1468 2456 numquam

342 2479 490 2544 confisum
523 2497 598 2556 esse,
632 2479 696 2543 sive
729 2499 800 2544 enm
823 2481 988 2545 Klassenio
1000 2479 1035 2561 ὃ),
1060 2480 1209 2544 Creisatio
1220 2479 1258 2560 ⁷),
1281 2477 1427 2541 Herbstio
1442 2476 1467 2556 ⁸)

342 2579 526 2642 sententiam
560 2580 648 2643 illam
683 2599 902 2662 aspernamur:
942 2583 979 2645 de
1016 2582 1133 2663 origine
1170 2581 1292 2644 tanturn
1324 2575 1470 2652 certatur,

343 2681 568 2762 discrepantiae
600 2681 685 2762 ipsae
710 2684 748 2747 ab
780 2683 923 2747 omnibus
955 2683 1029 2748 viris
1062 2683 1160 2748 doctis
1193 2681 1400 2747 conceduntur
1428 2680 1469 2757 et,

343 2801 413 2848 oum
443 2783 474 2846 in
507 2784 650 2852 omnibus
682 2785 770 2850 libris
805 2787 1023 2869 manuscriptis
1056 2786 1232 2863 occurrant,
1267 2785 1298 2849 in
1329 2784 1469 2865 tempora

343 2887 517 2970 antiquiora
539 2888 713 2954 referendae
736 2888 855 2973 sunt⁹t
909 2889 1009 2969 Quam
1032 2890 1070 2954 ob
1094 2908 1158 2954 rem
1183 2891 1215 2954 at
1238 2886 1418 2952 Herhstium
1429 2883 1468 2966 11)

342 2993 472 3056 missum
495 2993 607 3058 faciam
630 2993 847 3072 affirmantem,
878 2993 954 3058 haee
977 3012 1037 3058 non
1060 2993 1138 3058 ritia
1160 3011 1236 3068 esse,
1269 2989 1322 3056 sed
1347 2990 1469 3072 Thucy-

249 3115 255 3128 ·
344 3095 408 3160 didi
432 3096 493 3178 ipsi
517 3097 630 3174 deberi,
664 3097 716 3178 qui
747 3098 839 3162 verba
867 3097 996 3162 foederis
1020 3096 1153 3162 sermoni
1177 3115 1231 3161 suo
1254 3092 1468 3160 accommoda·

343 3201 430 3276 verit,
464 3217 579 3281 suoque
612 3200 740 3264 arbitrio
773 3200 1020 3276 commutaverit,
1054 3200 1085 3263 et
1117 3196 1227 3282 Georg.
1258 3196 1468 3282 Meyerum¹¹l

344 3393 600 3400 m*-

466 3511 490 3570 1)
509 3508 579 3560 OJA.
600 3509 643 3561 lV.
680 3509 711 3561 N.
730 3509 801 3562 46b.

464 3593 490 3659 2)
510 3594 541 3646 v.
561 3597 601 3647 aa.

464 3681 491 3744 3)
510 3680 626 3733 Hermes
638 3679 696 3734 Xll.
708 3681 766 3734 381.
786 3680 859 3732 Berl.
874 3680 1065 3746 Sitaungsber.
1085 3677 1148 3730 1883
1166 3693 1190 3744 p.
1204 3679 1262 3731 850.
1282 3700 1314 3724 =
1329 3680 1359 3731 A.
1373 3679 1470 3732 Kiroh-

344 3765 409 3828 hoff,
428 3765 611 3832 Thulrydides
629 3766 686 3819 und
704 3767 766 3819 sein
784 3765 1076 3820 Urkundenruaterial.
1113 3765 1208 3818 Berlin
1226 3766 1290 3820 1895
1304 3781 1328 3833 p.
1342 3765 1469 3819 rso—102.

464 3853 491 3914 4)
511 3851 628 3904 Hermes
647 3852 706 3904 Xll.
725 3850 783 3905 412.

464 3938 492 4002 5)
511 3937 628 3990 Hermo-s
646 3938 730 3991 XVll.
752 3939 808 3991 153.

465 4024 491 4088 6)
510 4023 630 4088 Anhang
649 4023 695 4076 lib.
715 4024 746 4076 V.
766 4025 800 4076 47
819 4025 877 4076 edit
905 4023 935 4076 ll.
955 4039 979 4090 p.
1003 4023 1057 4076 189.
1092 4087 1094 4091 Ι

466 4107 491 4174 7)
511 4109 553 4161 ed.
573 4109 658 4162 Thac.
678 4111 739 4162 libr.
759 4110 777 4162 l.
797 4111 827 4162 ll.
847 4111 938 4163 Addit.
958 4125 982 4176 p.
1003 4109 1114 4165 XXVll.

464 4191 493 4259 8)
512 4195 629 4248 Hermes
647 4196 734 4248 XXV.
768 4211 792 4262 p.
812 4196 870 4248 388.

465 4283 491 4341 9)
510 4280 661 4333 Kirehboff
675 4281 691 4334 1.
712 4281 728 4333 l.
765 4281 886 4341 debinc,
904 4283 1020 4335 Hermes
1039 4281 1096 4333 Xll.
1116 4283 1175 4334 412.

453 4367 492 4428 10)
511 4365 527 4418 l.
547 4365 563 4417 l.
583 4381 607 4432 p.
627 4367 750 4432 388y'389.

452 4449 494 4515 11)
513 4451 592 4504 Burs.
613 4451 708 4504 inber.
730 4452 768 4504 79.
793 4453 858 4505 1894
877 4467 900 4518 p.
921 4454 978 4506 231.
