3396 5278
853 523 914 587 130

780 614 984 622 -----—--

319 759 404 848 86.
454 761 669 830 Vestinum
707 760 848 846 Pselli,
885 759 1143 850 Pamphilum
1180 759 1364 828 Pollucis
1404 761 1444 828 et

422 863 762 953 Harpocrationis
787 863 941 932 fontem
966 863 1099 932 luisse
1123 862 1337 932 conicitur.

422 1051 523 1116 Labor
559 1051 755 1133 perquirendi
793 1050 964 1134 expeditior
995 1052 1086 1129 esset,
1124 1050 1151 1114 si
1187 1050 1296 1114 tabula
1332 1048 1445 1114 Suidae

319 1152 453 1235 praelixa
483 1153 568 1218 fideli
598 1154 781 1236 argumento
813 1154 860 1218 uti
891 1153 980 1218 nobis
1012 1153 1129 1218 liceret.
1173 1152 1218 1216 At
1246 1151 1322 1217 fides
1352 1152 1445 1217 huius

319 1255 449 1320 indiculi
470 1257 510 1320 ab
529 1255 636 1340 aliis²)
669 1257 816 1321 acerrime
838 1258 1030 1340 impugnata,
1054 1256 1092 1320 ab
1115 1255 1221 1339 aliis²)
1244 1258 1368 1321 strenue
1391 1255 1445 1320 de·

319 1358 408 1422 sensa
430 1359 487 1435 est,
510 1359 556 1422 ita
577 1360 613 1423 ut
634 1375 683 1423 res
706 1359 842 1425 noudum
865 1359 1036 1442 dijudicata
1051 1359 1257 1424 existimanda
1272 1359 1321 1422 sit.
1357 1357 1446 1438 Quod

319 1460 493 1526 subsidium
523 1480 711 1544 quamquam
746 1462 875 1527 dubium
906 1464 964 1540 est,
1001 1462 1106 1526 tamen
1140 1479 1208 1545 spes
1239 1459 1334 1526 fontia
1356 1460 1446 1524 inda·

319 1563 492 1644 gaudinos
516 1565 696 1642 ueniebat,
730 1564 896 1629 dummodo
928 1564 1006 1628 duas
1038 1563 1228 1628 conditiones
1258 1563 1350 1628 antea
1371 1579 1445 1627 con·

319 1665 496 1731 stituamus.
542 1667 623 1732 Fons
645 1668 715 1746 iste,
739 1687 830 1750 quern
855 1667 1027 1748 quaesituri
1050 1683 1166 1756 sumus,
1189 1683 1291 1730 rerum
1306 1665 1445 1730 ordinem

319 1771 354 1832 ut
385 1771 530 1850 sequatur
562 1769 594 1832 et
625 1788 695 1834 curn
728 1769 812 1834 iente
844 1769 991 1834 Polluceo
1024 1768 1276 1833 consuetudinem
1308 1769 1445 1850 aliquam

319 1869 440 1948 habeat,
474 1889 598 1936 necesse
621 1873 679 1936 est.
729 1870 849 1950 Quibus
871 1871 963 1936 rebus
986 1871 1144 1952 perpensis
1167 1869 1207 1933 ad
1230 1887 1325 1935 unum
1349 1870 1446 1934 dedu-

320 1974 429 2050 cimur,
466 1993 485 2036 a
518 1993 578 2054 quo
610 1973 800 2040 conditiones
835 1975 1007 2056 postulabas
1039 1991 1143 2039 revera
1174 1974 1348 2055 persolutus
1379 1991 1446 2038 esse

320 2076 459 2140 videmus
500 2076 682 2153 Vestinum,
727 2080 971 2158 epitomatorem
1017 2079 1178 2159 Pamphili.
1253 2077 1445 2141 Sententiam

319 2178 504 2259 Naberii⁸),
559 2198 578 2242 a
622 2179 805 2260 Weberio⁴t
858 2181 1059 2244 retractatam
1104 2179 1332 2263 Diogeniauum
1385 2197 1446 2243 non

319 2282 421 2362 ipsum
445 2281 645 2363 Pamphilum
668 2282 721 2347 sed
745 2282 910 2347 Vestinum
938 2282 977 2346 ad
998 2282 1116 2347 lexicon
1140 2301 1231 2348 suum
1254 2282 1445 2348 condendum

320 2384 497 2449 adhibuisse
529 2403 586 2450 non
619 2403 696 2466 opus
727 2387 775 2450 est
796 2386 936 2452 refellere
969 2387 1040 2468 post
1062 2387 1278 2470 sagacissimas
1301 2385 1446 2451 Reitzen-

320 2487 425 2552 steinii
437 2487 463 2569 1)
502 2488 539 2552 de
570 2488 702 2568 pristina
732 2487 824 2552 lerici
855 2489 1044 2572 Hesychiani
1075 2488 1174 2554 {orma
1205 2488 1445 2571 disquisitiones.

320 2589 411 2656 Certo
433 2609 514 2654 nuuc
536 2591 660 2665 seimus,
694 2591 921 2672 Diogenianum
953 2593 991 2656 ab
1023 2591 1178 2674 Hesychio
1210 2591 1444 2676 amplificatum,

320 2692 518 2772 Pamphilum
550 2711 568 2756 a
600 2692 793 2775 Diogeuiano
831 2695 1022 2758 contractum
1061 2694 1092 2757 et
1125 2695 1156 2758 in
1190 2695 1282 2758 aliam
1314 2695 1444 2758 formum

320 2814 501 2872 conversum
523 2813 601 2859 esse.
646 2793 806 2874 Quomodo
828 2799 933 2862 autem
955 2798 1141 2878 Pamphilus
1167 2816 1243 2880 opus
1267 2817 1356 2862 suum
1381 2797 1445 2860 dis·

321 2898 464 2978 posuerit
488 2899 663 2964 litterarum
687 2920 725 2964 an
748 2919 851 2964 rerum
874 2901 988 2978 ordine,
1017 2901 1071 2964 diu
1094 2901 1223 2983 ancipiti
1241 2901 1342 2965 Marte
1366 2918 1445 2982 pug-

320 3001 428 3064 natum
450 3002 507 3064 est.
552 3000 652 3064 Hodie
675 3002 766 3066 multi
789 3005 847 3066 viri
871 3004 954 3068 docti
977 3005 1009 3067 et
1030 3003 1107 3084 01⁶),
1132 3022 1261 3084 quorum
1278 3003 1446 3067 auctoritas

320 3103 489 3184 plurimum
511 3103 605 3180 valet,
628 3105 790 3184 posteriori
812 3108 993 3183 sententiae,
1019 3125 1111 3188 quam
1135 3105 1288 3190 weber-⁷)
1312 3108 1445 3188 inaugu-

320 3206 410 3283 ravit,
434 3205 583 3270 adnuunt.

319 3381 576 3388 —..--—-—-.—-

426 3497 449 3564 1)
477 3498 654 3551 Valckenaer
680 3499 710 3552 iu
737 3497 853 3552 l'heocr.
882 3500 1015 3554 Adionaz.
1044 3515 1069 3567 p.
1098 3500 1242 3555 295-299.
1278 3499 1446 3566 Bernhardy

320 3585 337 3636 l.
356 3584 373 3636 l.
393 3598 418 3650 p.
437 3583 505 3636 XLI.
541 3583 636 3638 Naber
653 3585 733 3651 proli.
752 3585 833 3638 Phot.
852 3601 877 3652 p.
898 3587 937 3639 19.
958 3587 1015 3639 165.

422 3671 449 3735 2)
477 3669 594 3732 Ritselrl,
614 3670 648 3723 de
667 3670 723 3724 Oro
742 3673 772 3724 et
791 3671 895 3726 Orione
914 3687 939 3738 p.
959 3671 992 3725 78
1011 3693 1042 3716 =
1062 3671 1162 3738 Opusc.
1181 3669 1276 3738 philol.
1295 3671 1313 3722 i.
1341 3685 1366 3737 p.
1386 3669 1444 3723 668.

202 3744 204 3750 ’
320 3754 355 3808 Μ.
374 3755 501 3809 Schmidt
519 3756 602 3808 dhbb.
621 3756 637 3808 f.
657 3756 728 3809 Phil.
749 3759 789 3810 71.
812 3757 878 3810 1855
896 3772 921 3824 p.
934 3757 994 3811 481.
1014 3757 1044 3810 Η.
1059 3757 1171 3819 Weber,
1190 3756 1446 3822 Untersuchungen

320 3841 391 3893 iiber
409 3841 454 3894 die
473 3840 590 3904 Quellen
609 3841 658 3895 des
677 3842 798 3910 Hesycb.
819 3843 919 3895 Philul.
938 3843 1032 3910 suppl.
1047 3843 1095 3896 Bd.
1115 3843 1158 3896 111.
1180 3842 1253 3895 1877.
1272 3855 1299 3909 p.
1318 3841 1375 3894 690.

422 3927 452 3985 3)
480 3927 497 3980 l.
516 3927 533 3979 l.
552 3941 578 3993 p.
599 3925 639 3980 19.

422 4014 453 4074 4)
482 4011 499 4065 l.
518 4013 535 4065 1.
553 4027 579 4079 p.
597 4013 656 4066 408.

422 4100 450 4164 5)
477 4097 530 4150 Die
548 4098 792 4166 Ueberarbeituug
810 4100 859 4152 des
878 4099 1020 4153 Lexicons
1039 4101 1087 4154 des
1105 4101 1264 4167 Hesychius
1282 4099 1325 4152 in:
1346 4097 1444 4151 Rhein.

320 4183 390 4238 Mus.
408 4185 450 4238 43.
471 4184 546 4238 1888.
564 4200 590 4252 p.
608 4185 754 4238 443—460.

422 4269 449 4334 6)
476 4269 545 4323 Karl
568 4271 653 4337 Bapp.
681 4269 814 4337 Beitriige
840 4285 892 4323 zur
914 4269 1123 4334 Quelleulrritik
1149 4272 1199 4325 des
1217 4273 1372 4327 Athenaios
1398 4274 1443 4326 iu:

321 4355 476 4409 Oomment.
495 4356 628 4410 Ribbeck.
648 4370 673 4422 p.
692 4357 838 4412 abr-265.
867 4357 1059 4411 Reitzenstein
1077 4359 1094 4412 1.
1113 4360 1130 4413 l.
1149 4374 1174 4426 p.
1194 4360 1252 4413 455.

424 4443 449 4508 7)
478 4442 495 4495 1.
514 4442 531 4495 l.
550 4441 602 4495 478
620 4456 660 4509 sq.
1231 4452 1234 4462 ’
