3396 5278
739 1399 1072 1529 Argumenta.

1354 1635 1402 1673 1³⁵8·

347 1710 501 1776 Praelatio
553 1755 1252 1774 .............
1299 1708 1448 1774 V-VIII

348 1814 452 1898 caput
475 1816 495 1879 l.
542 1812 670 1876 Fontem
693 1811 789 1894 partis
813 1811 990 1892 posterioris
1012 1811 1113 1876 libelli
1133 1812 1254 1876 Aristo-

449 1917 523 1982 telei
538 1917 575 1980 de
586 1915 756 1999 Republica
767 1916 1002 1980 Atheniensium
1018 1935 1077 1979 non
1094 1914 1255 1979 Atthidem

451 2038 547 2102 neque
569 2019 668 2083 ullum
687 2018 801 2084 librum
824 2017 936 2083 litteris
953 2019 1070 2083 editum
1093 2018 1187 2084 luisse
1204 2019 1256 2084 sed

449 2123 534 2206 leges
555 2123 639 2204 ipsas
662 2121 810 2203 probatur
843 2169 1252 2185 ........
1325 2122 1428 2185 l-5l

452 2233 470 2303 ς
502 2228 522 2291 Ι.
553 2226 652 2291 Locus
675 2225 725 2289 Et.
751 2224 792 2288 M.
808 2223 882 2288 369.
901 2225 939 2286 15
963 2243 978 2286 e
1002 2223 1120 2289 duabus
1144 2225 1256 2308 glossis

555 2328 742 2410 compositus
764 2327 821 2404 est,
844 2326 882 2391 ci.
905 2326 962 2390 lex.
988 2326 1058 2410 Seg.
1074 2327 1108 2391 V.
1126 2327 1199 2392 245.
1218 2327 1256 2390 17
1348 2355 1356 2374 ν

556 2434 593 2507 l-
612 2431 670 2496 lex.
686 2430 775 2495 Dem.
792 2430 894 2494 Patm.
917 2449 946 2510 p.
973 2428 1070 2512 lollii
1092 2429 1130 2495 ad
1153 2431 1171 2513 ξ
1196 2430 1257 2495 103
1322 2431 1429 2494 8-26

451 2535 469 2616 ξ
492 2536 525 2600 2.
554 2535 598 2599 Ex
613 2553 649 2598 ea
666 2533 883 2616 discrepantia,
906 2552 983 2615 quae
1002 2532 1165 2598 intercedit
1180 2534 1259 2598 inter

556 2637 672 2723 [Dem]
695 2637 745 2700 43.
763 2636 804 2699 75
827 2639 859 2701 ot
881 2637 977 2702 Arist.
1001 2636 1053 2701 56.
1073 2636 1103 2714 7,
1128 2655 1186 2702 non
1212 2639 1259 2702 est

555 2739 809 2818 concludendum,
833 2739 1030 2804 Aristotelem
1048 2757 1153 2805 vocem
1177 2737 1258 2824 σκή-

554 2861 671 2926 πτομαι
703 2863 719 2907 e
744 2843 826 2905 tonte
850 2861 904 2924 per
926 2842 1047 2906 litteras
1071 2841 1185 2906 tradito
1208 2861 1259 2906 ac·

554 2944 670 3025 cepisse
725 2992 1252 3008 ..........
1301 2942 1429 3007 27-29

452 3047 469 3129 ξ
492 3049 523 3111 3.
555 3047 640 3112 ldem
665 3047 749 3113 valet
779 3050 809 3112 in
834 3049 928 3114 verba
958 3048 1036 3132 ὑπὲρ
1058 3057 1116 3131 τῆς
1138 3046 1259 3123 πόλεως

554 3151 608 3214 aut
638 3149 715 3234 ὑπὲρ
751 3160 808 3234 τῆς
840 3149 985 3234 πατρίδος
1016 3150 1097 3233 apud
1129 3150 1259 3216 Aristot.

554 3253 606 3317 55.
629 3251 649 3314 2
673 3253 787 3317 omissa
845 3301 1254 3316 ........
1302 3251 1430 3317 29-30

454 3357 528 3438 Μ.
556 3355 715 3420 Pollucem
739 3356 825 3420 Vlll.
851 3355 913 3420 107
947 3356 1022 3421 nihil
1054 3357 1114 3420 nisi
1137 3356 1259 3422 Aristo·

555 3459 635 3524 telea
672 3459 798 3524 reddere
843 3461 948 3525 contra
987 3459 1259 3526 Wilamouitzium

556 3562 800 3627 contendendum
824 3563 871 3628 cst
905 3610 1256 3625 .......
1303 3561 1430 3625 30-31

454 3667 523 3749 §5.
556 3665 693 3730 Verbum
724 3665 866 3750 ἐπερωτῶ
898 3666 980 3747 apud
1012 3666 1141 3732 Aristot.
1164 3665 1261 3728 55.4

555 3770 635 3834 nude
659 3771 794 3852 positum
817 3790 834 3836 e
857 3789 996 3837 sermone
1025 3769 1261 3851 inscriptionum

555 3873 746 3957 intellegitur
787 3920 1256 3936 .........
1303 3869 1432 3937 31-32

454 3977 523 4058 §e
555 3978 808 4058 Harpocrationis
831 3977 967 4060 glossam
991 3976 1110 4062 εὐθύνη
1134 3996 1191 4041 non
1212 3976 1259 4040 in·

556 4084 676 4164 tagram
699 4081 737 4145 ad
761 4100 815 4146 nos
837 4081 1011 4162 pervenisse
1030 4080 1197 4147 verisimile
1213 4081 1261 4145 est
1304 4077 1431 4143 32-41

455 4185 473 4268 ξ
495 4186 524 4249 7.
557 4183 632 4248 lnde
663 4183 742 4265 quod
767 4183 949 4248 Aristoteles
980 4183 1127 4248 nonnulla
1150 4184 1262 4258 omisit,

558 4307 635 4370 quae
666 4286 789 4352 aliunde
821 4288 894 4352 nota
916 4288 998 4366 sunt,
1030 4287 1262 4369 persequitur,

558 4393 593 4456 ut
623 4392 741 4456 fontem
771 4393 922 4474 quendam
946 4391 1058 4455 litteris
1081 4391 1261 4456 mandatum

557 4495 740 4562 contraxerit
791 4541 1256 4558 .........
1304 4492 1432 4556 41-44
