3396 5278
678 501 681 509 “
773 541 836 605 119

342 741 437 805 uini.
464 743 557 805 essu.
580 741 598 824 ς
621 721 679 808 κ’

245 893 265 977 Q
289 893 322 956 δὲ
345 893 500 980 ἐπωβελία
524 895 586 957 ἀπό
610 903 663 958 τού
681 917 757 980 συμ-

245 996 414 1084 βεβηκότος
440 1000 498 1082 την
524 997 743 1083 συνθήκην
716 1021 758 1060 ει-

244 1100 359 1186 ληηεν.
402 1102 510 1185 ἐπειδὴ
548 1103 655 1185 γὰρ
646 1101 758 1186 πολλοὶ

244 1205 395 1288 τῶνμηέ
397 1181 757 1287 πιτιύὲντωντηγλύτ-

243 1326 282 1388 τη
306 1307 437 1390 χαλινόν
426 1317 520 1406 ντοῖς
536 1307 686 1395 ἐπιεικέσι
703 1310 758 1370 καί

243 1409 304 1492 ἀπρ
289 1409 421 1495 ρσίγμοσι
457 1400 686 1494 προςερύοντο,
717 1410 757 1488 ὡς

243 1511 367 1587 πλείους
399 1511 512 1588 τόκους
543 1513 594 1576 ἐπὶ
617 1525 681 1590 τοῖς
704 1537 756 1578 κε-

243 1615 413 1699 κερδακόσι
435 1615 618 1702 νομίσμασι,
652 1620 706 1680 καί
729 1617 757 1681 οί

245 1719 300 1802 μὲν
343 1719 599 1803 ἀπεδείκνυσαν,
651 1720 678 1783 ot
723 1721 756 1785 δὲ

242 1820 367 1898 πλείους
405 1823 506 1907 μάτην
543 1823 615 1885 κατ’
653 1825 757 1888 αὐτῶν

242 1923 472 2008 ἐκεκράγεσαν,
506 1927 559 1990 τόν
592 1927 647 2009 μὲν
679 1927 756 1990 ἀπο·

241 2027 403 2091 δεικνύντα
426 2027 655 2115 ἀπροςτίμητον
670 2031 753 2112 εἴων,

242 2135 295 2196 τόν
321 2131 355 2194 δέ
378 2132 741 2216 συκοφαντήσανταο
688 2133 756 2219 ὀβο-

868 729 956 808 Sunt.
979 763 1004 807 s.
1029 763 1057 807 ν.
1081 741 1236 828 ἐπωβελία
1259 747 1301 827 qt.
1326 747 1344 808 Ι.

1072 895 1200 960 πολλῶν
1223 899 1265 974 εἰς
1286 899 1365 1022 χρη-

855 1021 939 1085 ματα
981 999 1260 1084 συκοφαντούντων
1297 1003 1366 1079 τοὺς

853 1103 986 1166 ἐπιεικει
975 1125 1000 1178 ις
1018 1126 1073 1166 και
1062 1102 1290 1187 ἀπράγμονας
1305 1113 1367 1169 τῶν

852 1207 925 1269 πολ
916 1229 989 1270 των
1022 1207 1077 1269 καί
1109 1205 1246 1289 μάλιστα
1273 1217 1366 1271 τούτο
1438 1212 1440 1222 ’

852 1309 1000 1394 προίττειν
1028 1299 1282 1395 διαβαλλομένων
1304 1319 1366 1374 τῶν

852 1415 921 1496 περὶ
912 1413 1017 1475 ιτόέ
1020 1412 1100 1498 μ’πόρ
1085 1433 1147 1496 ριον
1170 1405 1365 1498 συμβαλλόν-

853 1537 912 1579 των
957 1515 1008 1578 ἐπί
1053 1525 1211 1592 ναυτικοῖς
1248 1515 1363 1601 τόκοις,
1397 1507 1402 1515 ’

810 1616 1021 1712 »muniere
1075 1617 1193 1703 ζημίαν
1252 1619 1402 1698 ἔταξαν.

852 1725 938 1784 κατὰ
970 1729 1031 1784 τῶν
1054 1721 1275 1805 ἐγκαλούντων
1298 1723 1365 1808 όβο-

852 1825 908 1888 λόν
931 1822 1075 1907 ἐκτίνειν,
1101 1826 1127 1888 εί
1144 1827 1201 1910 μὴ,
1227 1823 1342 1888 καόΗ
1324 1847 1366 1889 ων
1400 1818 1403 1822 ’

853 1928 1041 2011 ἐνεκάλουν,
1084 1929 1211 2005 τούτους
1251 1927 1362 1992 ἕ.λοιεν

852 2032 1062 2117 ταύτηντην
1023 2007 1334 2117 ηηῇιννέβ
1249 2031 1365 2117 ἐβε-πω

852 2134 924 2198 λίαν
947 2133 1126 2218 ὠνόμασαν.

241 2235 297 2298 λού
320 2235 483 2321 καταβολῇ
508 2235 676 2320 ἐζημίουν·
702 2239 757 2299 καί

241 2339 339 2422 ὄνομα
363 2347 402 2422 τη
426 2337 524 2423 ζημίᾳ
548 2338 754 2426 ἡέπωβελία.
803 2391 805 2424 ,

343 2544 502 2608 Interdum
518 2543 642 2608 Pselius
659 2544 697 2608 uri
714 2545 840 2610 verbum
858 2562 929 2608 eum
945 2544 1039 2608 Suidn
1055 2544 1198 2628 congruit
1213 2545 1252 2608 ef.
1268 2544 1365 2611 Psell.

241 2646 323 2730 §12
356 2650 388 2712 et
419 2647 505 2713 snio.
537 2667 560 2712 s.
593 2667 622 2714 ν.
654 2646 820 2711 εύύυδικία
853 2649 884 2712 et
914 2647 1121 2733 παραγραφή.
1169 2649 1364 2712 Postremum

242 2751 437 2815 enuntiatum
470 2751 660 2815 Psellianum
693 2750 1074 2835 Παραγρείτρεσύαι
1115 2751 1157 2814 δὲ
1189 2751 1364 2835 ἐφεῖται

240 2857 315 2918 καί
339 2864 429 2930 τοῖς
451 2854 651 2919 τοιοῦτόν
675 2876 712 2918 τι
735 2854 1085 2940 ἐγκαλουμένοις
1117 2857 1212 2938 περὶ
1243 2856 1288 2918 ού
1320 2855 1365 2916 ού

240 2959 596 3046 νενομοθέτηται
628 2959 726 3024 isdem
758 2960 860 3024 verbis
891 2959 1024 3042 legimus
1056 2957 1139 3040 apud
1175 2957 1260 3023 Suid.
1284 2976 1309 3020 s.
1335 2977 1364 3022 ν.

239 3063 444 3150 παραγραφή.
491 3063 724 3146 Paiugraphum
747 3063 768 3125 9
792 3063 828 3127 do
845 3063 958 3128 ciuium
982 3061 1167 3137 recensione,
1191 3060 1364 3143 rejectione,

239 3167 457 3249 provocatione
481 3168 524 3230 sie
546 3167 716 3231 Michooles
739 3167 888 3243 instituit,
920 3169 956 3230 ut
986 3167 1122 3248 primum
1154 3163 1191 3228 de
1223 3163 1364 3228 tribubus

240 3273 270 3334 et
303 3273 391 3352 pagis
429 3271 533 3335 atticis
570 3271 686 3335 diceret
717 3271 749 3334 et
780 3271 911 3351 exempli
952 3269 1053 3352 grstia
1084 3267 1161 3332 duos
1192 3265 1366 3330 nominaret

240 3371 470 3458 Ἀχαρνεῖς
502 3381 534 3439 ot
565 3373 874 3450 Ἐλευσινίους.
939 3373 1000 3438 Cur
1033 3372 1107 3449 hos
1146 3390 1205 3435 non
1239 3369 1365 3433 otiose

239 3477 346 3542 multis
370 3477 467 3542 demis
487 3478 545 3542 sibi
568 3477 682 3558 elegit.
651 3480 689 3540 t9
713 3475 792 3556 Quia
817 3476 927 3542 Suidos
952 3495 976 3540 s.
992 3495 1021 3540 ν.
1038 3473 1219 3558 διαψήφισις
1241 3471 1364 3536 eosdem
1478 3533 1481 3546 ,

239 3579 406 3644 artuum
390 3581 475 3642 otor
499 3579 844 3664 Ἀχαρνεῖςπερί
869 3576 1133 3663 Ἀχαρνέων,
1168 3578 1240 3639 καὶ
1270 3579 1366 3658 περὶ

240 3674 518 3747 Ἐλευσινίων
541 3683 578 3746 οί
601 3681 878 3747 Ἐλευσίνιοι
933 3682 1018 3745 Haeo
1045 3681 1230 3761 scriptorum
1253 3679 1365 3743 simili·

236 3786 311 3849 tudo
335 3787 454 3850 occulta
470 3788 573 3868 potius
593 3806 684 3869 quam
702 3786 809 3868 aperta
833 3804 892 3850 non
911 3784 1010 3849 sotum
1033 3783 1207 3865 aripertum
1223 3783 1364 3864 priorem,

238 3907 331 3970 quam
355 3889 480 3970 Gregor.
505 3890 711 3955 Corinthius
703 3910 735 3953 in
758 3909 848 3954 usum
875 3908 965 3952 suuni
988 3887 1119 3963 voravit,
1144 3887 1286 3968 pertinet,
1312 3885 1366 3950 sed

238 3992 336 4056 otiam
360 3992 397 4055 ad
420 3994 621 4075 posteriorem
644 4013 662 4058 a
683 3993 701 4078 β
723 3992 765 4056 22
787 3992 995 4076 incipientem.

325 4197 419 4261 Mioh.
446 4199 538 4262 Pseu.
562 4198 580 4280 ᾗ
604 4201 658 4264 25.
912 4198 999 4260 suto.
1023 4216 1049 4260 s.
1075 4216 1102 4260 v.
1127 4191 1299 4278 διαιτητάς.

239 4347 280 4413 Οί
303 4350 337 4413 δὲ
360 4351 516 4437 διαιτηταί
549 4353 617 4436 (καί
640 4371 755 4435 πεντη-
853 4353 924 4425 τούς
946 4351 1023 4434 ύπὲρ
1046 4349 1087 4412 50
1111 4351 1168 4433 ἐτη
1196 4345 1367 4432 γεγονότας

239 4453 411 4540 κοντούτης
434 4455 519 4518 ἐστίν
533 4456 681 4538 ἕκαστος,
707 4454 756 4540 βε·
853 4456 907 4516 καί
936 4454 1099 4536 καθαροὺς
1130 4452 1235 4536 ποίσης
1266 4447 1367 4525 αἰτίας
