3396 5278
771 563 829 627 101

698 655 903 666 ——q—

240 768 321 834 hunc
349 768 415 852 jam
446 768 639 834 contractum
672 769 703 832 et
725 768 847 833 Polluci
878 769 1009 851 aliisque
1037 767 1187 833 traditum
1211 785 1277 832 esse
1300 785 1366 831 cre-

240 871 382 935 diderim.

559 1057 595 1138 p)
629 1059 657 1120 in
681 1058 787 1138 plesse
817 1055 1045 1140 ἐπώνυμοι.

342 1243 487 1309 Glossam
510 1242 614 1328 ἐχῖνος
643 1243 711 1326 jam
735 1261 828 1324 supra
840 1241 864 1323 1)
897 1242 936 1307 ad
958 1243 1161 1308 Aristotelem
1184 1243 1236 1306 53.
1259 1241 1279 1304 2
1300 1245 1365 1306 ret-

240 1346 308 1421 tuli,
339 1345 422 1410 idem
454 1365 524 1410 oum
548 1346 696 1410 lemmate
719 1343 874 1430 ἐπώνυμοι
899 1364 948 1426 ap.
971 1345 1068 1428 Harp.
1093 1365 1117 1410 s.
1139 1365 1180 1423 u,
1211 1343 1364 1427 lem-Seg.

240 1449 278 1513 V.
295 1448 367 1512 245.
387 1447 435 1529 17,
459 1450 517 1514 lex.
534 1449 623 1514 Dem.
647 1469 678 1532 p.
703 1447 811 1532 losio,
835 1449 885 1514 hc.
908 1447 952 1512 M.
975 1449 1047 1513 369.
1072 1449 1111 1517 16
1133 1447 1365 1514 Wilamouitzii

240 1553 393 1617 sententia
414 1552 584 1635 relutata²)
616 1553 715 1618 facere
747 1571 806 1616 non
841 1552 957 1617 dubito.
1015 1553 1138 1618 Etenim
1162 1553 1188 1616 si
1204 1548 1364 1618 ‘witemo-

240 1655 347 1740 nitzo
380 1655 666 1738 Harpocrationem,
699 1655 840 1738 quamvis
873 1657 904 1721 in
936 1657 1040 1738 glossa
1071 1654 1220 1739 στρατεία
1243 1655 1363 1732 ἐντοῖς

239 1759 412 1844 ἐπωνύμοις
436 1759 614 1825 Aristotelis
639 1759 733 1824 verba
764 1759 916 1825 exscribat
947 1760 978 1824 et
999 1759 1218 1824 Philochorum
1241 1760 1363 1824 tantum

239 1861 307 1927 loco
328 1862 418 1926 testis
441 1861 558 1940 afferet,
583 1863 615 1925 in
639 1862 744 1943 glossa
762 1862 866 1926 autem
882 1860 1038 1947 ἐπώνυμοι
1054 1880 1152 1945 neque
1168 1861 1249 1928 huno
1264 1881 1364 1944 neque

239 1963 330 2028 illum
351 1964 466 2044 laudet,
499 1965 604 2030 tamen
626 1964 811 2029 Philochoro
842 1965 945 2047 potius
968 1983 1060 2047 quam
1084 1963 1251 2030 Aristotele
1274 1983 1363 2029 usum

241 2085 307 2132 esse
338 2067 444 2146 eredit,
477 2069 594 2149 optima
625 2066 685 2132 fide
717 2067 928 2150 adjudicium
951 2086 1083 2150 aequum
1106 2086 1270 2150 provocare
1292 2086 1364 2150 pos·

240 2189 318 2234 sum.
372 2171 450 2235 Utra
480 2171 582 2254 opinio
605 2171 669 2236 veri
691 2170 823 2235 similior
854 2172 919 2236 est:
953 2189 997 2249 ea,
1031 2190 1108 2253 quae
1140 2171 1238 2236 altera
1260 2171 1364 2254 glossa

239 2274 418 2355 comparata
441 2275 573 2356 priorem
596 2292 715 2356 quoque
738 2273 901 2338 Aristoteli
923 2275 1042 2349 tribuit,
1074 2292 1113 2338 an
1136 2293 1181 2352 ea,
1206 2292 1283 2355 quae
1307 2273 1363 2338 ad·

240 2395 344 2442 versus
372 2377 458 2441 illam
483 2377 619 2460 glossam
641 2377 720 2442 hanc
743 2377 927 2442 Philochoro
950 2375 1138 2441 reddendam
1160 2395 1227 2441 esse
1250 2379 1362 2454 censet,

240 2481 421 2564 praesertim
445 2501 515 2546 curn
538 2481 814 2564 Harpocrationem
844 2481 884 2545 ad
906 2481 984 2546 tales
1007 2480 1217 2563 respublicas
1240 2480 1363 2545 Aristo-

239 2583 311 2648 telis
333 2583 477 2648 libellum
500 2585 665 2649 sescenties
688 2586 743 2648 aut
764 2584 867 2666 ipsum
883 2584 1069 2666 excerpsisse
1086 2584 1140 2648 aut
1161 2583 1225 2668 jam
1240 2601 1364 2666 excerp·

239 2687 307 2750 tum
330 2688 484 2768 accepisse
506 2688 706 2753 manifestum
729 2689 779 2766 sit,
804 2687 1112 2772 atthidographorum
1135 2705 1206 2752 vero
1229 2687 1363 2752 auctori·

240 2789 287 2852 tas
311 2791 460 2870 quantum
482 2789 673 2872 temporibus
689 2789 943 2872 Harpocrationis
959 2790 1104 2869 valuerit,
1127 2790 1264 2856 nondum
1288 2789 1363 2854 satis

239 2891 432 2973 exploratum
449 2892 513 2956 sit?
558 2895 654 2974 Spero
675 2913 925 2976 unumquemque
940 2892 1124 2958 sententiam
1141 2892 1275 2973 priorem
1290 2909 1363 2973 pro·

239 2993 422 3060 habiliorem
445 2996 682 3060 aestimatorum
705 3015 781 3060 esse.
835 2997 943 3079 ltaque
965 2998 1066 3062 totum
1089 2995 1151 3060 fere
1175 2996 1268 3077 caput
1291 2995 1363 3059 Ari·

239 3098 404 3163 stoteleum
428 3097 469 3162 53
492 3099 624 3183 singulis
647 3101 679 3163 in
700 3099 805 3164 lexicis
827 3099 990 3165 rhetoricis
1011 3098 1213 3182 repperimus.

341 3202 458 3266 Parum
481 3201 619 3282 interest,
652 3202 758 3267 eodem
789 3203 881 3268 modo
913 3203 1037 3285 singula
1059 3202 1160 3284 operis
1182 3201 1363 3267 Aristotelei

240 3304 342 3388 capita
364 3323 382 3370 a
405 3304 447 3368 43
469 3323 566 3387 nsque
589 3305 628 3370 ad
651 3303 693 3367 63
716 3305 903 3388 perlustrare
925 3306 956 3370 et
972 3305 1128 3382 annotare,
1152 3304 1225 3386 quid
1248 3305 1363 3386 posteri

240 3427 276 3472 er
306 3408 474 3474 Aristotele
505 3394 705 3491 sumpserint,
739 3407 813 3490 quid
844 3406 968 3473 aliunde
1000 3405 1158 3488 cognitum
1188 3405 1362 3471 habuerint.

240 3507 368 3575 Summa
399 3529 501 3576 rerum
533 3529 593 3575 non
624 3511 772 3588 mutatur,
803 3510 988 3575 Aristoteles
1020 3509 1087 3575 fons
1118 3508 1300 3591 praecipuus
1332 3507 1363 3572 et

240 3612 302 3678 lere
324 3613 433 3679 unicus
456 3613 615 3680 habendus
639 3615 695 3692 est,
727 3612 808 3678 unde
840 3612 1001 3680 scientiam
1027 3611 1241 3676 inst‘tutorum
1264 3610 1296 3673 et
1316 3609 1362 3674 le·
1401 3629 1411 3644 ⁸

240 3735 314 3799 gum
337 3716 573 3783 Atheniensium
605 3715 720 3800 posteri
751 3715 952 3798 perceperint.
1006 3713 1074 3778 Hoc
1101 3712 1226 3795 quidem
1256 3731 1363 3778 verum

240 3823 287 3884 est
317 3819 431 3884 librum
454 3820 546 3886 illum
568 3838 628 3885 non
653 3839 671 3884 a
693 3819 797 3902 pueris
819 3819 851 3883 in
875 3818 988 3884 scholis
1010 3817 1185 3882 lectitatum
1208 3834 1308 3899 nequo
1330 3816 1362 3880 in

241 3941 331 3988 usum
359 3922 583 4006 discipulorum
614 3921 691 3986 fusis
723 3921 952 3986 commentariis
985 3921 1171 3986 instructum
1194 3918 1310 4003 esse⁴)‚
1346 3936 1363 3982 e

345 4237 371 4302 1)
389 4250 414 4303 p.
433 4235 468 4289 82
486 4248 526 4301 sq.

342 4319 368 4387 2)
387 4334 473 4388 supra
489 4335 515 4387 p.
533 4319 568 4372 24
585 4332 625 4386 sq.

343 4407 371 4466 3)
390 4406 408 4459 l.
428 4406 445 4458 l.
466 4405 485 4458 l.
504 4419 530 4472 p.
550 4403 608 4458 226.

342 4492 372 4558 4)
390 4491 582 4546 Wilamowitz
600 4491 617 4544 l.
637 4490 654 4544 l.
675 4489 693 4542 l.
711 4504 736 4558 p.
756 4488 813 4542 294.
