3396 5278
843 529 905 592 124

311 733 344 796 in
367 733 479 815 quihus
502 734 595 798 nehus
617 734 794 798 enarrandis
817 733 945 812 modo¹l
968 733 1101 815 uestigia
1115 732 1229 798 Suidae
1252 731 1336 812 apud
1351 731 1440 796 Psel-

313 837 377 900 lum
410 837 473 919 §9
504 837 745 911 enucleavimus,
780 839 900 916 praeter
929 837 1012 902 hunc
1043 838 1149 902 auctor
1178 837 1269 902 larici
1302 835 1373 918 Sag.
1396 835 1471 940 IV⁸

313 939 397 1004 solus
436 958 493 1002 una
531 939 636 1022 glossa
659 939 818 1022 complexa
851 941 908 1004 ast.
968 939 1037 1006 aar
1070 957 1129 1004 non
1161 939 1216 1014 ita,
1249 940 1284 1002 ul
1317 937 1441 1013 Suidas,

314 1041 445 1123 exempli
468 1042 570 1122 gralia
593 1059 690 1125 pagos
714 1043 864 1124 quosdam
887 1041 1004 1118 attulit,
1026 1043 1130 1106 tamen
1154 1041 1184 1106 in
1204 1060 1236 1106 re
1259 1039 1441 1122 explicanda

313 1163 385 1208 cum
407 1143 512 1210 Psallo
544 1145 699 1228 congruit.
753 1144 813 1210 Sed
846 1146 893 1212 his
925 1145 1044 1212 duobus
1070 1145 1147 1210 locis
1170 1144 1304 1226 exceptis
1327 1144 1442 1208 frustra

314 1266 350 1311 aa
381 1265 518 1328 quaeres,
549 1266 628 1330 qnae
659 1247 783 1312 llbellus
805 1250 875 1332 περὶ
897 1248 992 1312 δικῶν
1014 1248 1176 1332 ὀνομάτων
1198 1248 1264 1314 solo
1287 1267 1357 1312 cunr
1383 1249 1440 1312 lex.

315 1350 384 1433 Sag.
408 1349 462 1414 IV.
486 1351 662 1416 communia
684 1351 806 1416 haheat.
851 1351 1016 1418 Praeterea
1039 1352 1113 1415 052
1126 1351 1328 1434 paragraphis
1343 1350 1443 1416 Pselli

314 1453 378 1517 fere
410 1452 576 1518 dimidium
606 1473 625 1518 a
656 1453 806 1535 scriptore
838 1455 927 1520 larici
951 1455 995 1518 IV
1022 1474 1147 1536 prorsus
1179 1455 1353 1538 neglectum
1386 1455 1441 1520 ast.

315 1555 401 1635 Quae
424 1575 494 1620 cum
516 1557 561 1620 ila
584 1557 655 1634 sint,
688 1557 770 1641 huqc
803 1559 921 1622 fontem
951 1559 1037 1624 illius
1066 1559 1161 1624 fuisse
1184 1576 1243 1622 non
1266 1557 1441 1623 concedam,

418 1659 494 1740 Quis
525 1661 608 1724 anim
640 1661 747 1726 credat
777 1662 981 1742 professorem
1004 1663 1380 1744 Constantinopolitannm
1403 1660 1442 1724 ad

315 1763 373 1830 hoc
403 1763 558 1847 πάρεργον
589 1764 813 1830 conficiendum
847 1767 1021 1848 permultos
1056 1766 1152 1832 libros
1185 1766 1378 1830 consuluisse
1411 1767 1443 1828 el

315 1866 434 1930 duobus
466 1867 590 1930 lantum
623 1868 699 1932 locis
737 1870 965 1934 conscribendis
1002 1887 1116 1934 novum
1153 1888 1230 1951 opus
1266 1869 1441 1934 evolvisse?

319 1970 400 2033 lnlar
430 1970 583 2036 immonsa
614 1970 706 2044 huius
738 1973 797 2036 viri
824 1971 975 2054 studia²)‚
1007 1991 1085 2054 quae
1109 1972 1307 2054 theologiam,
1339 1970 1441 2052 philo·

316 2072 466 2153 sophiam,
500 2072 714 2156 philologiam,
746 2093 849 2138 rarum
881 2076 1026 2140 naturam
1052 2074 1211 2156 complexa
1234 2076 1316 2146 sunt,
1349 2091 1442 2150 opus·
1533 2136 1536 2147 ,

314 2175 419 2239 culum
442 2176 594 2252 nostrum,
626 2175 708 2258 quod
735 2177 958 2258 discipulorum
981 2175 1161 2260 precibus⁸l
1183 2176 1294 2242 cadens
1317 2195 1442 2258 compo-

314 2278 386 2354 suit,
410 2277 596 2344 vilissimum
620 2279 794 2361 putandum
818 2283 866 2344 est
888 2299 985 2362 nequa
1008 2282 1248 2344 consentaneum
1272 2281 1320 2344 est
1337 2280 1368 2344 in
1385 2279 1442 2344 hoo

313 2381 420 2446 libello
443 2381 663 2446 conscribendo
686 2381 821 2446 mullum
855 2383 1003 2463 temporis
1026 2401 1195 2465 operaeque
1223 2383 1442 2464 consumptum

314 2503 390 2550 asse.
444 2485 628 2550 Michaelem
652 2485 793 2550 Psellnm
826 2487 929 2568 ipsum
960 2487 1022 2550 sere
1055 2485 1163 2552 eodem
1194 2488 1285 2553 modo
1318 2488 1354 2552 dc
1386 2488 1443 2554 hoc

315 2606 406 2669 opere
423 2587 580 2670 judicasse
613 2590 714 2664 credo,
746 2590 899 2670 quomodo
921 2590 1066 2655 Pholium
1094 2591 1302 2672 patriarcham
1323 2591 1442 2658 lexicon

315 2709 406 2757 suum
421 2690 460 2754 ad
486 2691 660 2756 litterarum
674 2691 812 2756 ordinem
829 2695 1033 2775 compositum
1056 2695 1237 2760 aestimasse
1260 2695 1324 2758 vari
1340 2694 1441 2768 simila

315 2794 372 2856 est.
410 2792 603 2876 Quamquam
621 2795 717 2871 nohis,
742 2796 919 2878 philologia,
935 2796 993 2860 viri
1009 2797 1198 2880 Byzantinos
1216 2798 1327 2862 aetatis
1350 2816 1443 2880 prop·

314 2897 362 2960 ter
384 2897 462 2962 talia
483 2899 678 2978 potissimum
703 2917 796 2979 opera
819 2899 944 2980 plurimi
968 2902 1041 2964 sunt
1063 2899 1164 2980 pretii,
1196 2901 1277 2964 inter
1300 2900 1442 2982 aequales

316 3019 413 3081 neque
436 2999 560 3065 Psellus
583 3020 680 3083 neque
703 3001 835 3066 Phohius
870 3002 918 3068 his
951 3003 1127 3086 quisquiliis
1149 3003 1282 3085 gloriam
1305 3003 1365 3068 sihi
1387 3022 1443 3084 pe-

316 3107 468 3185 pererunt.
524 3106 631 3188 ltaque
663 3109 838 3186 negandum
871 3113 919 3174 ast
949 3110 1084 3174 multum
1107 3110 1222 3176 laboris
1248 3112 1279 3174 in
1303 3110 1443 3192 disputa·

316 3208 456 3272 tiuncula
478 3212 547 3293 περὶ
570 3210 666 3276 δικῶν
688 3212 849 3296 ὀνομάτων
872 3213 1056 3278 collocatum
1081 3233 1158 3290 essa,
1181 3215 1235 3278 sed
1258 3217 1365 3280 contra
1381 3216 1444 3278 sta-

315 3311 464 3376 tuendum
489 3315 537 3376 ast
559 3316 714 3382 auctorem
739 3333 838 3396 pauca
861 3317 984 3382 lantum
1006 3317 1173 3392 volumina,
1204 3335 1282 3400 quae
1317 3317 1355 3382 ad
1378 3337 1441 3382 rem

316 3416 505 3494 propositam
528 3418 597 3482 usui
621 3436 688 3482 essa
704 3418 882 3482 viderentur
904 3437 1042 3500 quaeque
1064 3421 1093 3481 ai
1115 3420 1146 3482 in
1169 3420 1313 3500 promptu
1328 3421 1441 3494 assant,

315 3517 446 3599 legando
469 3519 659 3584 contrivisse.
713 3519 772 3600 Qui
796 3523 855 3586 nisi
879 3522 1002 3586 disertis
1026 3522 1129 3587 uerbis
1152 3523 1182 3588 in
1205 3522 1263 3588 hoc
1286 3523 1379 3596 locta,
1411 3522 1444 3586 id

317 3620 398 3700 qnod
430 3641 499 3686 oum
524 3623 691 3688 Aristotele
714 3625 832 3689 lactum
854 3644 921 3690 esse
943 3625 1073 3702 ostendi,
1101 3627 1178 3708 legit
1199 3626 1241 3702 ὡς
1263 3625 1442 3710 Ἀριστοτέ-

317 3724 376 3810 λης
398 3726 447 3790 vel
470 3728 593 3804 similia,
620 3730 697 3796 alios
721 3732 860 3794 auctores
883 3731 1052 3794 contulisse
1075 3749 1135 3794 non
1160 3733 1244 3812 put.

420 3831 465 3893 At
489 3831 732 3912 Wilamowitz⁴l
756 3832 894 3898 Psellnm
926 3833 1069 3897 clericis
1093 3831 1253 3898 rhetoricis
1276 3851 1443 3914 eorumque

317 3931 572 4012 explicationibus
595 3934 718 3999 usitatis
741 3934 875 4016 pendere
898 3935 1039 4018 denegat,
1062 3956 1154 4020 quam
1174 3938 1212 4003 oh
1227 3957 1291 4002 rem
1309 3936 1443 4020 diligen-

319 4108 575 4116 -.-—.-.--.--

421 4210 449 4360 h}
466 4209 722 4360 hillhhnmnaener,
740 4295 883 4363 byzantin.
903 4297 1154 4364 nitteraturgeson.
1174 4313 1198 4366 p.
1219 4298 1269 4352 174
1288 4313 1328 4365 sq.

421 4383 448 4441 a)
468 4381 484 4450 a
506 4384 528 4434 1.

421 4467 448 4528 4)
468 4468 485 4519 l.
504 4468 521 4521 l.
540 4468 558 4520 r.
578 4483 603 4535 p.
622 4468 692 4554 aaa
