3396 5278
864 509 926 574 106

329 716 397 795 Qua
419 715 450 779 in
473 733 505 780 re
528 713 755 797 Harpocration
778 712 863 776 fonte
887 711 925 776 ad
948 711 1076 776 verbum
1104 710 1286 793 plerumque
1308 711 1456 776 transcri-

329 817 426 882 bendo
458 817 579 883 fidelior
611 817 679 894 fuit,
711 815 823 880 Pollux
853 833 902 880 res
930 833 1072 897 perverse
1095 814 1271 880 intellectas
1295 815 1326 878 et
1347 814 1456 878 miser·

326 922 404 986 rime
427 921 610 1004 depravatas
632 919 751 984 furatus
775 922 823 984 est
844 920 875 984 et
898 919 939 997 id,
964 918 1045 1001 quod
1068 919 1106 982 ab
1122 917 1184 982 alio
1200 917 1361 982 mutuatus
1378 919 1453 995 erat,

329 1025 417 1106 quasi
439 1043 529 1088 suum
553 1025 644 1100 esset,
668 1023 887 1107 promulgavit.
932 1023 1068 1105 Uterque
1094 1040 1165 1086 vero
1188 1021 1310 1103 praetor
1332 1020 1454 1086 Aristo-

329 1128 423 1192 telem
445 1127 607 1209 inprimis
632 1129 757 1191 lexicon
781 1126 939 1210 quoddam
964 1127 1153 1190 rhetoricum
1177 1125 1209 1188 in
1232 1122 1375 1189 manibus
1397 1123 1454 1188 ha·

328 1229 430 1309 bebai,
461 1231 548 1306 cuius
580 1229 687 1295 auctor
709 1230 811 1294 nescio
834 1230 887 1312 qui
920 1230 1039 1312 etipse
1064 1229 1240 1294 Aristotelia
1264 1229 1453 1312 opusculum
1499 1303 1501 1306 ¹

328 1337 359 1398 in
381 1353 472 1399 usum
503 1352 593 1398 suum
625 1334 788 1414 convertit,
820 1333 865 1398 ita
887 1334 923 1398 ut
945 1353 961 1398 e
984 1333 1114 1416 singulis
1137 1331 1291 1414 capitibus
1315 1331 1453 1415 singulas

328 1437 446 1520 glossas
477 1437 603 1502 faceret.
648 1436 708 1502 Sed
739 1437 798 1502 hoc
829 1437 914 1502 fonto
940 1436 1075 1501 nondum
1100 1436 1263 1500 contentus
1286 1433 1401 1519 adjecit
1421 1437 1454 1499 et

328 1540 468 1619 intexuit,
499 1558 709 1622 quaecumque
733 1541 968 1605 exoratoribus
991 1538 1153 1621 praecipuo
1176 1540 1208 1604 et
1229 1540 1362 1603 comicia
1385 1539 1453 1605 atii·

329 1646 374 1708 eis
406 1643 445 1708 ad
476 1643 603 1707 lacunas
636 1643 823 1727 supplendas
854 1646 886 1708 et
916 1643 956 1708 ad
988 1643 1216 1726 diligentiorem
1238 1643 1452 1709 institutorum

328 1749 372 1812 rei
402 1746 544 1828 publicae
576 1747 776 1812 Atheniensis
808 1747 969 1812 seientiam
1001 1747 1070 1813 usui
1102 1747 1131 1812 ei
1161 1767 1227 1812 esso
1264 1747 1332 1812 visa
1368 1747 1451 1812 sunt.

328 1849 477 1914 Attamen
507 1851 681 1932 temperare
711 1850 771 1915 sibi
802 1869 863 1915 non
894 1852 1005 1936 potuit,
1029 1851 1112 1934 ⁴quin
1145 1851 1303 1936 egregium
1334 1850 1452 1916 iontem

329 1952 527 2018 Aristotelem
551 1953 692 2018 omnibus
715 1955 826 2021 ceteris
850 1941 1051 2038 praeponeret
1072 1955 1104 2020 et
1125 1955 1322 2038 potissimum
1342 1973 1451 2036 seque·

327 2056 420 2119 retur.
474 2053 541 2120 Hoc
573 2056 676 2121 autem
708 2057 825 2122 lexicon
857 2057 1044 2123 rhetoricum
1075 2059 1262 2140 pervarias
1293 2057 1450 2139 ambages,
1576 2047 1577 2052 ’
1693 2018 1694 2094 Ῡ

325 2176 400 2240 quas
423 2157 554 2223 enodare
576 2161 809 2241 praematurum
833 2161 885 2240 sit,
915 2161 998 2227 rarie
1029 2161 1061 2226 in
1094 2166 1199 2228 nostra
1233 2163 1334 2226 lexico
1357 2163 1451 2225 sono·

326 2264 438 2345 linque,
463 2280 540 2344 quae
562 2263 652 2328 nobis
675 2265 851 2330 etiamnunc
872 2267 1047 2348 supersunt,
1069 2266 1227 2348 receptum
1250 2266 1307 2330 est.
1358 2264 1451 2329 lllinc

325 2365 509 2448 perspicitur
539 2367 722 2447 similitudo,
754 2388 831 2451 quae
863 2369 1026 2435 intercedit
1056 2370 1137 2434 inter
1168 2369 1306 2453 singulos
1336 2368 1450 2433 lexico-

325 2470 456 2552 graphos
488 2472 519 2534 et
550 2471 712 2536 Pollucem
744 2474 775 2537 ct
797 2473 1082 2555 Harpocrationem.
1127 2473 1294 2555 Reliquum
1325 2475 1381 2552 est,
1414 2473 1452 2537 ut

324 2576 354 2635 in
380 2575 521 2637 naturam
553 2575 644 2640 huius
676 2576 765 2640 lerici
788 2576 941 2659 deperditi
963 2578 1068 2661 paullo
1093 2577 1272 2658 diligentius
1294 2577 1450 2661 inquiram

325 2675 365 2752 ct,
389 2674 541 2756 quomodo
565 2678 770 2759 compositum
795 2680 847 2757 sit,
879 2680 905 2742 si
927 2680 1001 2762 quid
1023 2681 1183 2746 enucleare
1206 2681 1333 2763 possim,
1363 2683 1449 2744 inve·

325 2778 439 2861 stigare
462 2778 609 2861 experiar.
653 2779 704 2845 Ad
728 2800 820 2864 quam
851 2803 918 2848 rem
950 2783 1181 2867 disceptandam
1212 2803 1298 2850 nuno.
1323 2785 1450 2867 propius

324 2882 467 2948 accedere
490 2883 521 2947 in
545 2883 647 2949 animo
670 2884 778 2951 habeo.
